1659 2796
119 124 212 156 APP.
233 124 284 157 31.
1462 125 1535 162 101

118 226 202 265 cula
220 225 300 275 jam
322 230 579 276 rumpuntur3
608 225 713 275 quod
736 225 767 263 si
789 224 1015 276 aliquandiu
1038 235 1190 263 moram
1219 224 1429 264 trahimus.
1460 237 1540 264 non

115 288 177 321 est
205 281 343 333 aliquis
366 287 547 320 nostrum
571 281 638 332 qui
660 280 894 320 scrabrones
917 286 982 319 aut
1003 293 1160 331 vespas,
1194 293 1313 319 unam
1345 281 1401 318 vel
1431 281 1538 326 duas,

120 351 201 377 non
223 338 364 377 habeat
386 338 526 376 subtus
548 338 711 376 caudam
729 356 737 364 ·
773 340 859 385 Quo
882 337 1014 376 audito
1038 349 1178 375 omnes
1204 337 1403 388 fugerunt.

230 394 293 432 Sic
315 394 448 433 multis
470 394 662 445 contingit
684 394 913 445 frequenter
940 393 1007 444 qui
1037 393 1263 432 inveniente
1294 393 1538 432 necessitatis

118 457 294 501 tempore
317 463 337 488 a
361 450 578 489 minoribus
600 462 654 493 se,
682 463 781 501 quos
804 456 893 489 ante
916 450 1154 496 habuerant,
1186 450 1409 501 despectui,
1447 462 1534 488 cum

113 507 347 546 confusione
370 507 431 546 sui
453 519 534 546 non
559 507 708 545 modica
731 511 979 557 superantur.

538 573 603 612 32.
665 574 759 612 LEO
799 573 1114 612 AEGROTANS.

228 632 463 681 Aegrotante
480 630 679 681 quondam
700 632 825 674 leone,
849 635 1024 669 caeterae
1043 629 1248 668 visitantes
1266 628 1413 670 bestiae
1431 630 1539 669 ‹lice-

113 688 210 726 bant
231 688 357 738 perito
381 688 414 726 ei
438 688 590 726 medico
613 699 712 738 opus
735 700 821 725 esse
846 705 854 714 ·
889 687 1098 725 Consultae
1121 692 1250 724 autem
1280 686 1352 725 hae
1376 686 1538 726 ulterius

112 744 180 782 ubi
204 744 289 782 talis
312 749 445 794 posset
467 744 643 783 medicus
666 743 843 794 reperiri,
867 743 1052 781 dixerunt
1073 756 1114 781 se
1138 742 1286 781 nullum
1311 744 1409 782 scire
1432 744 1538 794 peri-

112 800 254 839 tiorem
278 801 466 849 renardo,
498 801 564 852 qui
587 807 665 838 tam
689 800 823 839 bestiis
846 812 963 850 quam
984 798 1208 838 volucribus
1230 800 1337 850 loqui
1368 800 1478 838 novit
1500 806 1539 838 et

112 856 265 895 diversa
287 856 519 907 frequenter
541 856 729 895 tractabat
751 857 903 907 negotia
927 868 1017 895 cum
1040 856 1241 907 utrisque·
1277 856 1425 895 Citatus
1443 869 1536 907 ergo

114 913 306 953 renardus
336 920 380 952 ut
409 914 455 952 ad
485 925 616 964 regem
649 913 817 958 veniret,
855 925 925 963 per
954 912 1035 950 dies
1064 912 1214 963 aliquos
1247 925 1289 952 se
1320 912 1537 957 subtraxit;

113 970 281 1021 quadam
304 982 395 1009 vero
419 976 532 1009 nocte
550 970 645 1009 clam
665 970 712 1008 (le
731 982 896 1008 caverna
915 981 981 1007 sua
1000 968 1133 1007 exiens
1151 969 1190 1007 in
1208 968 1346 1008 scrobe
1366 969 1534 1020 quadam

111 1038 234 1077 prope
256 1027 357 1077 regis
376 1039 570 1066 cameram
589 1040 629 1065 se
648 1026 862 1071 abscondit,
879 1026 969 1064 inde
988 1025 1222 1072 auscultans,
1241 1026 1383 1064 audivit
1401 1038 1532 1076 regem

109 1082 159 1121 (le
178 1083 305 1121 morbi
322 1083 382 1122 sui
399 1096 513 1122 causa
532 1084 832 1122 circumstantes
850 1082 994 1121 bestias
1007 1082 1272 1133 alloquentem
1290 1102 1298 1110 ·
1333 1082 1535 1134 Responsa

109 1139 271 1190 quidem
294 1140 470 1190 ipsarum
492 1140 717 1190 diligentius
739 1139 962 1182 annotabat,
992 1151 1161 1189 cumque
1183 1139 1332 1177 diversa
1363 1152 1382 1177 a
1406 1139 1533 1178 diver-

108 1195 163 1234 sis
186 1196 226 1234 in
248 1196 350 1246 regis
372 1196 570 1235 audientia
592 1196 837 1238 dicerentur,
868 1196 973 1234 venit
995 1195 1232 1245 Ysengrinus
1262 1201 1300 1233 et
1321 1195 1390 1234 ait:
1433 1195 1534 1234 Nihil

109 1252 275 1303 impedit
291 1253 504 1291 renardum
517 1252 648 1291 venire
666 1253 712 1290 ad
731 1252 949 1291 curandum
969 1251 1173 1290 dominum
1193 1258 1374 1290 nostrum
1388 1263 1533 1301 regem,

109 1309 149 1347 ni
171 1308 253 1347 sola
270 1309 440 1360 pravitas
458 1309 579 1347 animi
604 1310 664 1347 sui
683 1321 866 1359 nequam,
892 1313 1053 1359 propter
1070 1308 1174 1359 quod
1192 1309 1321 1359 ipsum
1344 1314 1529 1359 tanquam
1561 1317 1567 1323 ·

107 1365 242 1404 salutis
264 1366 364 1415 regis
387 1370 715 1416 contemptorem,
734 1364 956 1416 pronuncio
975 1371 1102 1403 morte
1118 1365 1280 1414 dignum
1298 1385 1305 1392 ·
1341 1364 1453 1403 Tunc
1469 1377 1532 1403 re-

106 1422 266 1462 nardus.
288 1422 397 1461 vultu
418 1422 544 1472 gravis
568 1427 606 1460 et
628 1422 784 1461 incessu
806 1426 998 1467 maturus,
1022 1433 1217 1460 cameram
1239 1421 1341 1471 regis
1359 1421 1531 1470 intravit,

105 1478 313 1529 ipsumque
335 1491 381 1517 ex
403 1485 514 1530 parte
537 1478 815 1528 magistrorum
837 1478 880 1516 in
902 1477 1000 1516 urbe
1022 1478 1258 1516 salernitana
1277 1490 1531 1517 commoran-

107 1535 207 1574 tium
230 1535 412 1573 salutavit
428 1554 436 1562 -
472 1534 649 1586 Cumque
672 1547 739 1573 rex
762 1534 837 1573 sibi
855 1541 1025 1573 mortem
1045 1534 1351 1573 comminaretur
1369 1540 1531 1585 propter

107 1602 261 1630 moram
284 1603 402 1641 quam
424 1591 581 1637 fecerat,
604 1591 655 1630 ait
677 1590 775 1640 regi:
799 1590 901 1638 Quid
924 1591 1090 1629 facerem
1110 1591 1212 1641 apud
1226 1595 1276 1636 te,
1300 1591 1458 1630 domine
1476 1592 1530 1630 mi

107 1660 190 1692 rex,
222 1653 432 1698 antequam
465 1653 617 1686 certum
649 1647 785 1686 salutis
814 1652 905 1685 tuae
927 1647 1148 1686 remedium
1180 1647 1325 1686 ferrem
1347 1646 1529 1686 mecum?

107 1704 323 1755 Postquam
359 1710 471 1743 tuum
503 1704 630 1742 audivi
661 1704 908 1748 mandatum,
946 1709 1071 1742 terras
1104 1703 1275 1742 diversas
1306 1715 1529 1754 peragrans.

106 1760 292 1800 Salernae
311 1760 484 1799 medicos
503 1760 577 1799 adii
595 1760 872 1799 consulendos.
884 1760 950 1811 qui
962 1760 1117 1810 cognito
1128 1765 1389 1811 symptomate
1404 1761 1530 1800 morbi

104 1817 175 1863 tui,
192 1817 298 1855 hunc
314 1828 438 1855 unum
455 1830 526 1868 pro
542 1817 809 1867 recuperanda
827 1816 950 1856 salute
968 1817 1039 1855 tibi
1057 1817 1293 1855 denuntiant
1309 1817 1529 1856 remedium

102 1873 319 1924 singulare:
350 1879 393 1912 ut
415 1875 514 1924 pelle
534 1873 666 1924 lupina
689 1873 736 1911 de
766 1885 929 1924 corpore
955 1873 1035 1924 lupi
1059 1879 1240 1912 recenter
1270 1878 1453 1920 extracta,
1484 1888 1528 1913 ex

102 1930 187 1981 ipso
209 1929 336 1968 adhuc
357 1930 547 1982 sanguine
579 1930 699 1968 calida
722 1935 761 1968 et
783 1930 981 1975 fumante,
1014 1935 1152 1980 pectus
1181 1936 1294 1968 tuum
1322 1929 1493 1969 involvas
1519 1943 1525 1951 ·

102 1986 207 2025 Haec
229 1986 421 2026 medicina
442 1993 481 2025 te
498 1986 599 2025 infra
616 1987 789 2024 triduum
806 1986 943 2025 reddet
959 1998 1100 2025 sanum
1117 2006 1125 2013 ·
1161 1987 1245 2032 Quo
1263 1986 1396 2025 audito
1411 1985 1526 2037 jussu

105 2042 206 2094 regis
228 2048 364 2094 captus
386 2048 446 2082 est
468 2043 582 2094 lupus
605 2048 643 2082 et
661 2043 769 2081 vivus
788 2042 1021 2089 excoriatus,
1039 2055 1083 2082 ae
1099 2043 1209 2094 pellis
1227 2056 1316 2081 cum
1335 2044 1526 2093 sanguine

105 2099 255 2150 pectori
276 2099 378 2150 regis
402 2100 590 2150 applicata
608 2117 616 2125 ·
650 2099 840 2138 Dimissus
862 2100 1021 2138 tandem
1043 2112 1063 2138 a
1085 2099 1188 2150 regis
1220 2098 1450 2139 satellitibus
1475 2100 1525 2138 Y—

104 2155 329 2206 sengrinus,
352 2169 441 2194 cum
463 2156 503 2195 in
526 2156 638 2195 silvas
662 2158 811 2206 suge-ret
832 2155 915 2194 sine
937 2156 1047 2207 pelle,
1080 2168 1252 2208 sequens
1275 2168 1366 2194 eum
1388 2168 1525 2195 renar-

105 2212 178 2250 dus
200 2223 220 2249 a
242 2213 356 2263 longe
378 2212 622 2251 clamitabat:
655 2212 685 2250 O
710 2212 812 2251 beati
833 2212 934 2263 regis
957 2212 1181 2257 consiliarii,
1211 2212 1277 2264 qui
1298 2213 1352 2251 sic
1374 2226 1525 2264 purpu-

106 2280 190 2307 ram
211 2268 384 2307 iuduunt
405 2275 443 2308 et
459 2268 683 2308 scarletam!
709 2269 784 2307 Sed
803 2269 891 2320 quia
909 2269 1110 2308 absentem
1129 2269 1353 2320 proximum
1370 2269 1524 2319 linguae

102 2324 238 2364 aculeo
260 2326 472 2376 pupugisti,
495 2331 630 2377 patere
653 2337 757 2364 nunc
779 2325 946 2364 culicum
968 2326 1148 2365 stimulos
1171 2332 1209 2364 et
1230 2338 1452 2377 vesparum.

217 2381 280 2420 Sic
302 2382 431 2421 evenit
452 2382 679 2433 frequenter
701 2382 842 2421 invidis
865 2382 944 2433 qui,
975 2383 1069 2422 dum
1092 2382 1174 2422 aliis
1198 2382 1297 2421 mala
1319 2382 1523 2422 fabricant.

102 2437 273 2489 propriis
295 2439 443 2490 laqueis
464 2439 736 2478 innectuntur.

193 2562 264 2594 app.
284 2552 337 2583 32.
365 2552 456 2584 Rom.
475 2551 556 2584 Rob.
577 2553 628 2585 21.
655 2553 721 2594 vgl.
742 2552 956 2594 lsengrimus.
983 2552 1121 2593 Grimm,
1141 2553 1293 2585 R.Fuchs
1309 2553 1521 2585 elxxxviiiff.

1572 750 1610 781 10

1568 1029 1607 1061 15

1557 1879 1600 1911 30

1556 2163 1596 2195 35

1553 2446 1595 2477 40
