1659 2774
98 864 137 896 10

98 1144 137 1176 15

95 1434 136 1465 2⁴]

94 1997 137 2027 34)

96 2280 137 2310 35

168 132 184 170 1
198 130 246 169 10
1416 129 1510 162 ΑΡΡ.
1528 129 1582 162 49.

164 244 254 270 eum
286 231 580 283 apprehendere
610 230 815 276 vellemus,
848 231 911 269 vix
941 231 1096 282 elapsus
1119 236 1196 270 est·
1225 231 1271 269 Et
1303 231 1350 270 ad
1372 231 1587 271 secundam

164 288 269 327 venit
291 295 329 327 et
346 289 405 327 vix
428 299 568 326 manus
587 293 740 326 nostras
759 287 894 336 effugit
914 309 919 314 -
949 287 989 326 Si
1007 287 1123 338 igitur
1141 299 1208 325 cor
1226 287 1426 327 habuisset
1443 288 1489 326 ad
1505 293 1588 327 ter-

165 344 264 384 ciam
282 344 646 395 congregacionem,
665 343 730 382 ubi
749 343 1011 389 occidebatur,
1029 356 1109 383 non
1127 344 1300 382 venisset
1319 365 1325 371 -
1354 345 1497 383 Verum
1517 350 1588 391 est,

164 401 217 440 ait
238 401 312 444 leo,
336 407 373 439 et
397 414 443 440 ex
462 400 537 439 hoc
559 399 812 438 manifestum
835 406 906 443 est,
928 412 995 439 cor
1015 413 1105 439 eum
1128 412 1210 439 non
1232 400 1415 439 habuisse
1435 422 1441 428 -
1469 400 1519 438 Et
1538 401 1591 440 ita

165 457 374 496 calliditate
392 470 462 496 sua
475 457 596 495 evasit
610 456 830 507 vulpecula·
858 456 1115 496 Moralitas.
1141 457 1203 496 Sic
1221 470 1314 508 sepe
1333 456 1504 508 prudens
1521 457 1591 496 ali-

165 514 252 565 quis
275 520 435 565 propter
455 513 638 552 virtutem
663 525 787 553 suam.
811 525 886 564 que
909 513 1062 565 singula
1084 514 1194 553 facile
1216 513 1338 552 credit
1359 513 1406 553 ab
1429 513 1586 565 iniquo·

164 577 202 609 et
224 570 358 609 doloso
386 569 589 621 decipitur.

313 709 379 747 50.
440 708 685 756 QL‘OMODO
720 708 1016 747 HERINACIUS
1048 707 1264 747 ADHESIT
1296 707 1442 747 LttPO.

281 801 454 852 Contigit
476 813 553 839 una
575 801 657 840 vice
680 800 785 851 quod
809 801 923 851 lupus
947 806 984 839 et
1006 800 1229 839 herinacius
1253 812 1294 838 se
1313 799 1588 839 consociabant

168 862 207 896 et
229 863 422 896 statutum
445 863 503 896 est
524 858 629 896 inter
652 870 717 896 eos
736 863 779 895 ut
796 857 1020 895 herinacius
1039 870 1081 895 se
1098 863 1234 895 contra
1253 869 1393 895 canum
1411 856 1592 896 seviciam

165 920 385 965 opponeret
404 935 410 942 ·
440 914 505 952 Est
529 914 635 952 enim
657 914 902 952 cousuetudo
927 913 1112 952 herinacii
1135 920 1176 951 ut
1202 912 1504 964 insequentibus
1527 925 1592 952 ca-

166 970 282 1009 nibus
305 983 347 1009 se
370 971 409 1009 in
431 970 591 1020 globum
615 970 767 1021 colligat
788 992 794 999 ·
824 970 888 1008 Sic
909 969 1151 1008 confederati
1174 970 1221 1008 ad
1245 970 1371 1008 villam
1396 976 1593 1008 venerunt

167 1033 204 1065 et
227 1026 347 1065 furati
375 1033 470 1066 sunt
499 1039 640 1065 ovem·
671 1026 803 1078 Lupus
833 1032 984 1072 autem,
1018 1026 1085 1077 qui
1114 1027 1260 1065 serebat
1290 1039 1423 1071 ovem,
1460 1028 1593 1077 fugam

167 1083 333 1134 arripuit
355 1090 393 1122 et
414 1090 504 1135 post
525 1096 566 1122 se
588 1083 741 1122 socium
759 1083 928 1134 reliquit,
948 1084 1015 1134 qui
1033 1094 1151 1122 canes
1169 1083 1214 1121 ab
1232 1083 1484 1122 insecucione
1501 1095 1594 1134 pro-

170 1140 322 1179 hiberet
342 1161 349 1168 ·
378 1141 456 1179 Sed
480 1141 573 1179 vidit
596 1140 820 1179 herinacius
844 1140 950 1191 quod
973 1146 1148 1179 cetarum
1171 1152 1329 1179 suarum
1353 1139 1476 1178 aculei
1499 1150 1594 1178 con-

166 1203 226 1235 tra
248 1209 366 1236 canes
388 1197 442 1236 illi
466 1198 592 1236 valere
613 1204 788 1248 possent,
824 1203 960 1235 contra
982 1197 1162 1235 homines
1185 1208 1277 1235 vero
1306 1196 1360 1235 illi
1382 1196 1479 1234 nihil
1500 1207 1594 1247 pro-

166 1253 338 1298 dessent,
370 1260 408 1292 et
438 1254 589 1293 vocavit
619 1254 757 1304 lupum
786 1260 827 1292 ut
856 1253 929 1292 sihi
962 1254 1080 1292 ferret
1119 1253 1306 1292 auxilium
1337 1274 1343 1281 ·
1379 1252 1597 1304 Respondit

166 1311 282 1360 lupus
304 1310 359 1349 ei:
381 1311 484 1357 Quid
508 1310 575 1349 tibi
598 1310 737 1349 faciam
760 1311 909 1353 nescio,
932 1322 1021 1348 cnm
1046 1311 1169 1348 simus
1193 1309 1336 1349 remoti
1357 1323 1376 1348 a
1399 1309 1491 1348 silva
1514 1315 1553 1348 et
1573 1321 1594 1348 a

166 1378 287 1405 manu
310 1367 434 1405 valida
456 1367 593 1406 rustici
616 1379 703 1406 culn
727 1367 890 1405 canibus
908 1366 1057 1406 instant
1077 1389 1084 1396 ·
1114 1367 1273 1412 Saltem,
1291 1366 1421 1417 inquit
1438 1366 1596 1405 herina—

167 1423 249 1461 cius
299 1423 417 1462 michi
454 1424 630 1462 osculum
675 1424 765 1462 dare
812 1423 977 1474 poteris,
1030 1429 1066 1462 ut
1109 1423 1234 1474 possis
1269 1423 1417 1461 referre
1459 1422 1594 1462 amicis

167 1479 277 1525 meiS,
302 1486 447 1531 quanta
469 1481 688 1519 dileccione
710 1480 751 1518 in
775 1480 938 1518 articulo
962 1480 1101 1519 mortis
1124 1480 1241 1530 positi
1272 1479 1319 1518 ab
1342 1479 1507 1518 invicem
1530 1492 1596 1518 se-

166 1536 289 1587 parati
312 1537 436 1575 simus
460 1558 466 1564 ·
496 1537 593 1575 Vera
617 1549 769 1580 mones,
802 1536 931 1587 inquit
953 1537 1080 1587 lupus,
1113 1542 1149 1574 et
1171 1537 1245 1575 hoc
1265 1536 1403 1575 faciam
1424 1558 1431 1565 ·
1459 1535 1508 1574 Et
1529 1548 1595 1576 ac-

165 1593 283 1632 cessit
305 1599 343 1631 et
365 1594 564 1632 osculatus
583 1600 641 1632 est
659 1606 750 1632 eum
771 1614 776 1620 ·
806 1594 851 1631 At
870 1593 932 1631 ille
951 1593 1212 1632 deosculantis
1231 1605 1273 1631 se
1290 1592 1389 1631 labia
1409 1591 1594 1631 dentibus

165 1650 359 1701 arripiens
382 1650 709 1689 indissolubiliter
731 1650 765 1688 ci
787 1650 942 1688 adhesit
964 1671 969 1677 -
999 1651 1153 1688 Instant
1181 1662 1297 1688 canes
1328 1654 1365 1688 et
1387 1649 1502 1700 lupus
1524 1649 1595 1688 ad-

120 1717 132 1722 ·
166 1707 371 1745 herentem
397 1706 469 1745 sibi
493 1707 676 1758 deportat
698 1707 788 1745 licet
809 1706 976 1745 invitus:
1000 1707 1134 1758 Lupus
1158 1706 1230 1744 ait:
1256 1706 1414 1744 Dimitte
1434 1718 1496 1744 me
1513 1706 1594 1744 sal-

166 1771 245 1801 tem
267 1763 393 1801 adhuc
415 1764 599 1814 quoniam
624 1763 662 1801 in
686 1763 791 1802 brevi
809 1763 924 1802 ambo
943 1763 1145 1814 capiemur
1164 1784 1170 1790 ·
1200 1763 1417 1814 Respondit
1432 1763 1593 1801 herina-

165 1820 271 1859 cius:
296 1820 395 1858 Yere
417 1821 516 1859 scias
545 1820 649 1871 quod
673 1831 754 1859 non
778 1820 973 1858 dimittam
994 1826 1033 1859 te
1056 1820 1144 1871 quia
1166 1820 1316 1858 iustum
1347 1826 1404 1858 est
1433 1825 1469 1857 et
1492 1819 1595 1859 bene

165 1876 278 1915 decet
299 1884 341 1915 ut
365 1877 459 1915 socii
482 1884 561 1916 tam
584 1877 749 1915 fideliter
771 1877 971 1915 coniuncti
989 1882 1055 1916 aut
1073 1877 1188 1915 simul
1207 1876 1373 1914 evadant
1392 1876 1594 1915 autsimul

166 1933 370 1984 capiantur
390 1955 395 1961 ·
425 1935 594 1972 Yentum
618 1940 677 1972 est
694 1934 813 1983 igitur
829 1934 876 1971 ad
895 1934 1029 1972 silvam
1048 1939 1083 1972 et
1103 1933 1239 1971 videns
1256 1933 1478 1971 herinacius
1497 1945 1594 1983 qua-

167 1989 255 2028 liter
277 1997 408 2040 posset
432 1991 592 2029 evadere
615 1991 754 2028 laxavit
778 1990 917 2029 dentes
940 1991 1081 2041 quibus
1104 1990 1184 2040 lupi
1206 1989 1304 2028 labia
1321 1995 1594 2028 construxerat

167 2053 201 2084 et
226 2046 264 2084 in
283 2046 464 2085 arborem
483 2060 559 2098 que
578 2047 652 2086 sibi
671 2052 754 2085 erat
772 2047 895 2086 vicina
913 2047 1140 2086 conscendit
1163 2068 1168 2073 ·
1196 2047 1299 2086 Jace.
1319 2046 1445 2096 inquit
1465 2046 1592 2096 lupus,

167 2103 308 2141 misera
331 2103 504 2143 bestiola.
529 2111 566 2142 et
589 2104 756 2142 defende
779 2110 815 2142 te
839 2117 857 2141 a
878 2104 1052 2148 canibus,
1076 2116 1143 2153 ego
1164 2116 1255 2142 vero
1276 2103 1420 2153 fugiam
1439 2103 1478 2141 in
1496 2103 1592 2141 late—

165 2159 253 2198 bras
275 2159 458 2199 silvarum
483 2168 521 2199 ut
547 2161 674 2199 salvus
692 2161 851 2199 evadam
874 2182 879 2187 ·
910 2161 1125 2211 Respondit
1145 2160 1387 2198 herinacius:
1410 2160 1592 2198 Juratum

166 2216 278 2254 fedus
302 2223 436 2255 mauu·
460 2217 654 2255 societatis
678 2217 847 2268 turpiter
879 2217 1104 2268 disrumpis,
1137 2229 1225 2255 cuni
1260 2223 1300 2255 tu
1330 2228 1513 2255 reversus
1545 2215 1591 2254 ad

168 2285 280 2311 ovem
299 2280 385 2323 post
403 2281 556 2324 tergum
578 2287 639 2312 me
657 2274 867 2324 relinquis:
885 2274 952 2313 sed
971 2278 1028 2313 sac
1045 2286 1134 2312 cum
1153 2287 1222 2311 ove
1237 2286 1319 2312 mea
1333 2272 1592 2324 permissione

166 2330 268 2379 quod
289 2330 470 2369 volni-ris.
494 2331 524 2368 si
548 2338 584 2369 te
607 2344 748 2369 canum
771 2331 960 2370 absterret
984 2331 1204 2381 presencia·
1234 2330 1433 2369 Moralit
1449 2341 1508 2367 as.
1528 2328 1591 2367 Sic

167 2386 356 2437 contingit
379 2387 589 2437 deceptori.
623 2387 727 2438 quod
759 2388 953 2438 seipsum
977 2387 1132 2439 decipit,
1167 2387 1230 2425 uhi
1263 2387 1379 2425 alium
1409 2386 1591 2437 decipere

168 2442 351 2481 intendit.

255 2579 326 2610 app.
347 2569 396 2599 50.
427 2568 503 2599 Cod.
526 2568 675 2609 Gottiug.
697 2571 749 2600 tiu.
780 2569 887 2601 Marie
907 2570 959 2602 02.
980 2570 1046 2610 vgl.
1070 2570 1120 2600 73.
1148 2568 1301 2609 Legi-aud
1321 2570 1351 2609 4,
1372 2568 1446 2601 211.
