1659 2774
54 722 92 752 10

55 1054 92 1086 15

50 1344 91 1375 20

49 1660 90 1692 25

50 1948 92 1980 30

50 2241 90 2271 237,

131 102 208 141 116
1369 104 1463 138 APP.
1482 105 1535 140 61.

125 203 270 243 ciorem
290 227 297 234 ·
317 204 421 244 Satis
444 210 515 249 est,
539 196 665 256 instuit
688 206 831 251 mulus,
855 206 920 245 sed
945 206 1021 245 filia
1043 206 1164 258 ipsius
1186 208 1257 246 ait:
1282 207 1535 248 Intendebam

125 261 283 301 aliunde
306 263 544 313 parentelam
563 262 796 302 contrahere
815 268 858 302 ut
874 274 999 313 genus
1017 276 1149 303 meum
1168 264 1414 304 nobilitarem
1433 287 1441 295 ·
1458 265 1535 304 Re-

124 319 284 370 spondit
337 331 493 358 murus:
546 319 641 358 Cum
684 320 729 358 ad
771 319 943 359 diversos
994 322 1196 360 transieris
1233 322 1427 373 apciorem
1466 322 1536 362 tibi

127 381 286 426 nuptam
312 388 426 427 quam
451 376 565 415 [iliam
590 377 714 415 muris
736 389 938 429 nunquam
960 378 1147 426 invenies,
1172 392 1245 430 que
1268 379 1298 417 si
1322 379 1437 417 talem
1460 392 1536 431 que

123 432 277 472 alcioris
301 440 359 472 est
380 434 532 483 generis
556 434 828 485 assumpseris.
858 434 949 473 dum
974 448 1131 486 semper
1161 436 1207 475 ad
1230 437 1426 475 naturales
1448 441 1536 475 ten-

124 489 180 528 dit
201 490 410 539 dignitates
440 511 447 518 ·
477 490 535 529 Tu
559 491 596 529 in
620 497 756 529 natura
780 497 844 531 tua
867 504 1098 542 permanere
1121 493 1325 532 contendis
1354 513 1360 520 ·
1389 493 1436 531 Et
1464 493 1538 532 erit

123 547 208 585 sine
229 546 346 586 dubio
370 547 470 586 inter
493 560 561 586 vos
582 548 708 598 gravis
726 548 919 587 dissencio
937 570 944 578 ·
964 549 999 588 M
1011 563 1031 587 o
1042 550 1187 588 ralita
1201 564 1230 588 s.
1255 550 1318 589 Sic
1342 550 1383 588 tit
1401 550 1447 589 de
1465 549 1537 588 illis

122 603 187 654 qui
209 603 280 642 sibi
304 616 436 655 parem
460 605 610 643 nullum
635 605 859 644 existimant
888 606 1042 656 quando
1071 620 1186 658 supra
1217 620 1257 645 se
1288 606 1342 645 ire
1369 612 1536 646 conten-

122 660 240 705 dunt,
271 661 371 701 infra
394 675 434 700 se
458 667 668 708 corruunt,
693 668 730 700 et
751 662 846 701 dum
868 669 1043 702 naturam
1065 677 1174 703 suam
1198 664 1329 703 fallere
1359 664 1536 715 cupiunt,

121 718 302 757 nolentes
324 718 364 757 in
388 719 551 758 eandem
574 719 749 758 redeunt.

285 811 351 849 (52.
413 810 657 859 QUOMODO
692 811 856 851 TAXUS
890 812 1061 851 IUNXIT
1094 813 1152 851 SE
1186 813 1374 852 PORCIS.

234 879 512 920 llabundancia
535 887 616 919 erat
638 880 787 931 glandis
805 882 972 919 maxima
991 886 1027 919 et
1045 881 1197 920 dimissi
1214 887 1306 920 sunt
1322 882 1428 933 porci
1445 894 1534 920 cum

122 937 343 988 pastoribus
366 938 412 977 ad
435 950 597 976 nemora
617 958 623 965 ·
644 938 772 976 Taxns
795 951 885 989 ergo
907 938 1082 977 nemoris
1106 940 1315 990 alumpnus
1339 944 1375 977 et
1398 939 1536 985 incola,

122 994 186 1044 qui
210 994 412 1044 glandibus
437 995 587 1033 vivebat
610 995 744 1033 videns
767 1008 829 1033 cas
855 996 995 1034 vastari
1019 996 1146 1046 porcis
1169 1009 1209 1034 se
1231 996 1401 1035 sociabat
1432 1001 1470 1035 et
1491 996 1537 1035 de

122 1063 261 1101 genere
284 1052 456 1102 ipsorum
479 1065 521 1090 se
543 1066 626 1091 esse
650 1052 757 1094 dixit,
781 1053 886 1091 unde
909 1059 943 1091 et
968 1053 1107 1091 merito
1130 1053 1223 1104 ipsis
1246 1053 1537 1092 communicare

121 1107 282 1147 deberet
304 1109 343 1146 in
366 1109 517 1160 pascuis
548 1131 555 1138 ·
581 1110 675 1148 Cum
705 1115 835 1148 autem
859 1115 995 1160 postea
1018 1110 1111 1148 vidit
1140 1110 1376 1149 incrassatos
1398 1122 1536 1161 porcos

119 1164 323 1204 securibus
354 1166 516 1205 subduci
549 1172 586 1205 et
616 1166 790 1212 interfici,
819 1166 920 1205 idem
944 1167 990 1205 de
1014 1180 1054 1205 se
1081 1173 1261 1206 metuens
1292 1167 1538 1207 carnificibus

119 1223 194 1261 ait:
218 1223 262 1261 In
286 1236 348 1261 1ne
366 1236 445 1262 non
464 1223 615 1263 dehetis
634 1223 792 1269 servire⁷
816 1224 904 1274 qnia
923 1225 1029 1263 canis
1047 1237 1133 1263 sum
1152 1230 1289 1264 natura
1307 1230 1344 1263 et
1361 1223 1449 1276 quia
1468 1237 1538 1263 nec

120 1280 301 1318 humanis
325 1280 459 1319 usibus
482 1287 594 1332 aptus
618 1287 655 1319 et
677 1281 807 1320 esibus
831 1281 1011 1319 humanis
1056 1281 1102 1320 Et
1125 1282 1295 1320 ostendit
1317 1282 1350 1321 ei
1373 1281 1536 1332 ungulas

119 1349 208 1376 suas
231 1342 270 1375 et
293 1344 567 1387 argumentum
592 1344 630 1376 et
652 1350 759 1376 more
782 1338 890 1377 canis
911 1343 1056 1377 terram
1080 1339 1252 1389 scalpere
1278 1339 1380 1390 cepit
1396 1338 1539 1390 ungui—

120 1393 193 1433 bus
211 1394 292 1433 suis
311 1394 530 1433 caninis-M
544 1408 621 1433 ora
637 1395 720 1433 lita
733 1408 762 1433 s.
788 1395 850 1433 Sic
868 1395 1116 1446 multicupidi
1141 1401 1179 1434 et
1199 1396 1317 1434 astuti
1340 1396 1436 1434 duas
1459 1395 1536 1433 vias

122 1451 410 1502 ingrediuntur,
433 1452 575 1503 quibus
599 1452 720 1491 eciam
743 1452 836 1490 alios
860 1466 901 1489 se
922 1452 1092 1499 ‹lucnnt3
1120 1453 1190 1491 sed
1219 1452 1370 1503 cognita
1401 1464 1535 1490 eorum

120 1508 304 1555 versucia,
326 1514 365 1547 et
382 1509 413 1547 si
433 1509 589 1560 quando
608 1508 702 1547 libet
719 1508 998 1555 benefecerint,
1018 1510 1075 1548 vel
1089 1522 1175 1547 vera
1189 1509 1306 1548 locuti
1325 1515 1429 1555 sunt,
1448 1509 1539 1548 nul-

119 1565 193 1604 lius
214 1570 349 1605 tamen
371 1572 465 1605 sunt
489 1567 677 1605 momenti
701 1579 776 1618 que
799 1566 935 1605 dicunt
957 1566 1013 1604 vel
1036 1579 1113 1618 que
1135 1566 1295 1606 faciunt.

297 1657 363 1696 63.
424 1658 671 1705 QUOMODO
705 1659 865 1697 LUl'US
898 1659 1090 1697 CECIDIT
1123 1660 1171 1697 ΙΝ
1203 1658 1361 1697 CIPPO.

233 1714 366 1766 Lupus
400 1721 438 1754 et
468 1716 687 1755 herinacius
710 1716 973 1767 iu1igel.›antu1·
996 1717 1127 1755 federe
1151 1738 1157 1745 -
1185 1715 1357 1767 Contigit
1377 1715 1536 1756 interim

120 1771 255 1824 lupum
279 1773 412 1811 minus
436 1779 548 1812 caute
569 1773 832 1812 ambulantem
856 1773 895 1812 in
918 1774 1073 1825 cippum
1098 1773 1242 1812 intrare
1262 1780 1296 1812 et
1321 1779 1456 1824 captus
1478 1780 1538 1813 est

121 1829 216 1880 pede
235 1851 242 1859 ·
261 1830 427 1880 Rogavit
449 1842 538 1881 ergo
562 1831 712 1869 socium
737 1830 975 1870 herinacium
1008 1836 1051 1869 ut
1078 1831 1110 1868 ei
1142 1830 1306 1869 lideliter
1337 1830 1538 1870 assisteret

121 1892 158 1925 et
180 1887 221 1925 in
245 1892 350 1926 tanta
373 1888 602 1927 necessitate
622 1894 664 1927 ut
682 1887 808 1926 bonus
826 1889 972 1927 amicus
995 1894 1032 1926 et
1049 1887 1176 1927 socius
1194 1887 1264 1926 sibi
1281 1887 1510 1927 subveniret
1527 1910 1535 1918 ·

123 1944 190 1983 Cui
214 1944 415 1995 respondit
438 1945 677 1984 herinacius:
706 1945 922 1983 Subvenire
942 1944 1050 1984 vohis
1070 1945 1229 1984 minime
1247 1957 1407 1996 possum
1423 1951 1535 1984 ante-

122 2014 237 2052 quam
257 2001 382 2039 sancti
400 2014 418 2039 a
437 2002 577 2052 quibus
596 2002 734 2051 ligatus
751 2002 843 2040 estis
865 2016 930 2040 vos
948 2003 1097 2041 solvant
1115 2023 1122 2030 ·
1141 2002 1258 2041 Multa
1281 2003 1385 2041 enim
1413 2002 1537 2041 fateor

122 2071 191 2109 pro
215 2058 484 2098 satisfaccione
508 2072 738 2099 excessuum
769 2059 861 2097 satis
892 2060 1045 2098 vovistis
1075 2073 1149 2111 quc
1179 2065 1220 2098 ut
1250 2060 1345 2098 inihi
1374 2059 1535 2106 videtur,

121 2115 215 2154 mihi
234 2115 333 2153 bene
354 2117 591 2166 persolvistis
611 2137 618 2144 ·
639 2116 823 2155 Carnium
844 2117 1020 2155 videlicet
1036 2116 1317 2155 abstinenciam
1337 2117 1392 2155 vel
1410 2116 1536 2168 aliqua

121 2172 344 2211 huiusmodi
375 2178 411 2210 et
443 2173 537 2212 mihi
561 2174 701 2212 oss'cnsi
724 2187 741 2212 a
767 2173 873 2211 vobis
899 2174 1161 2225 permiserunt
1192 2187 1258 2212 vos
1291 2174 1330 2212 in
1354 2174 1534 2224 laqueum

122 2229 254 2268 venire
274 2250 281 2256 ·
300 2231 502 2280 Agendum
527 2243 618 2281 crgo
644 2230 749 2268 vohis
771 2236 827 2269 est
852 2244 920 2281 pro
942 2231 1067 2280 gracia
1089 2244 1225 2269 eorum
1255 2243 1370 2282 quam
1403 2231 1433 2269 si
1465 2230 1536 2269 ob-

123 2287 286 2325 tinueris
310 2288 451 2337 poterit
475 2288 584 2326 nobis
608 2288 792 2339 prodesse
815 2300 897 2327 mea
921 2288 1095 2334 societas,
1120 2287 1229 2327 aliter
1250 2300 1342 2335 non,
1365 2287 1453 2339 quia
1475 2287 1535 2325 di-

124 2344 212 2382 vine
231 2345 414 2382 voluntati
438 2345 589 2383 obviare
612 2345 832 2383 nullatenus
856 2345 980 2383 audeo
997 2367 1003 2374 ·
1023 2345 1245 2383 Moralita
1258 2358 1288 2383 s.
1314 2344 1397 2383 Noli
1422 2344 1536 2383 nimis

124 2401 321 2440 confidere
355 2401 394 2439 in
425 2402 531 2441 socio
560 2403 626 2441 scd
650 2409 690 2441 tu
715 2408 749 2439 te
781 2402 909 2453 ipsum
940 2402 1157 2441 custodito·
1189 2402 1284 2441 Item
1315 2401 1409 2440 dixit
1431 2401 1535 2440 heri-

212 2527 284 2559 app.
305 2517 356 2548 62.
385 2517 461 2550 Cod.
485 2518 632 2558 Gotting.
657 2517 728 2551 117.
756 2517 861 2549 Marie
881 2517 932 2549 77.
959 2516 1111 2558 Legrand
1130 2517 1160 2556 4,
1183 2516 1253 2549 183.

215 2573 285 2605 app.
306 2563 358 2595 63.
387 2564 467 2595 Cod.
489 2562 639 2604 Gotting.
659 2563 731 2595 118.
759 2562 865 2596 Marte
881 2562 933 2604 78,
952 2563 1016 2604 vgl.
1029 2563 1081 2595 62.
1107 2561 1304 2595 Lafontaine
1322 2562 1419 2603 6‚16;
1438 2562 1470 2605 8,
1485 2563 1534 2595 17.
