1659 2796
83 141 183 176 ROM.
208 144 235 182 l,
258 144 306 176 19.
1432 148 1477 184 51

80 249 219 283 serunt
256 266 263 274 ·
295 244 343 283 Ut
380 245 454 283 boc
484 244 582 282 uidit
611 245 777 283 hirundo
802 267 809 274 ·
841 246 884 283 ad
916 245 1095 285 homines
1126 260 1167 284 se
1198 247 1394 285 transtulit
1417 269 1424 276 ·
1449 255 1489 286 ut

84 307 165 340 tuta
188 307 287 340 esset
309 301 380 339 sub
404 301 512 339 tectis
536 314 685 340 eorum.
716 303 764 340 At
787 314 860 352 que
883 310 1117 352 respuerunt
1146 304 1293 341 monita
1311 305 1487 342 nolentes

81 358 215 397 audire
238 358 442 396 consilium
468 379 475 386 ·
499 371 655 408 semper
678 358 715 396 in
738 359 886 397 retibus
909 359 1064 397 radunt.

120 449 352 488 EXPLICIT
374 449 518 487 LIBEII
542 449 725 487 PRIMVS
748 450 925 487 Miseri
951 471 957 478 -
983 450 1161 489 INCIPIT
1185 451 1451 490 SECVNDVS.

197 524 325 562 Omne
360 536 483 574 genus
507 523 724 562 fabularum
757 525 944 574 probatur
975 531 1110 562 contra
1141 526 1331 563 homines.
1394 526 1488 572 Quis
1515 533 1533 563 5

80 581 186 620 enim
210 581 337 619 malus
361 580 437 618 nisi
457 580 575 619 bomo
599 602 606 608 -
630 586 667 618 et
689 581 774 630 quis
797 582 922 619 bonus
946 581 1018 619 nisi
1042 580 1191 619 bomo?
1216 582 1337 620 Vitam
1362 583 1489 620 homi-

79 650 173 677 num
198 643 235 675 et
266 649 395 675 mores
414 658 420 665 ·
436 637 529 675 satis
553 642 610 675 est
633 637 746 675 nobis
769 638 1115 688 eomprebcmlere.
1148 638 1196 676 Et
1213 644 1346 677 tamen
1369 652 1488 678 ausus

79 707 166 733 sum
190 693 363 732 breuiter
385 693 530 731 similes
549 693 718 732 scribere
740 694 900 732 fabulas.
943 694 1071 733 Dicam
1092 695 1270 745 equidem
1294 695 1486 734 bonorum

80 752 162 790 siue
185 750 412 790 nocentium
433 756 540 801 gesta
565 771 572 778 ·
597 751 700 801 quod
731 751 791 789 ille
824 764 984 790 securus
1008 751 1113 790 uiuat
1137 773 1144 780 ·
1167 752 1233 802 qui
1262 763 1341 790 non
1372 753 1489 791 habet

79 820 199 859 quem
223 808 368 846 timeat.
1512 814 1550 845 10

191 863 449 902 Athenienses
479 863 597 901 nimis
630 863 719 902 boni
750 877 837 902 cum
871 864 1006 915 optimi
1030 865 1195 903 fuissent
1229 871 1265 903 et
1286 864 1398 903 liberi
1421 887 1428 894 ·
1452 872 1489 903 et

80 921 276 960 neminem
309 921 494 959 timerent
524 940 530 948 ·
556 926 593 958 et
626 919 700 958 sibi
737 921 905 959 inuicem
937 921 1131 959 seruirent
1159 934 1246 960 eum
1277 921 1423 972 optima
1453 928 1490 961 et

78 978 178 1017 bona
209 977 412 1016 uoluntate
443 997 449 1004 ·
482 976 644 1014 consilio
679 990 776 1015 vano
807 984 899 1016 sunt
929 978 1106 1028 deeoepti
1129 997 1137 1004 ·
1172 991 1248 1029 quo
1287 978 1487 1029 improbos

79 1040 374 1085 compescerent
410 1038 474 1072 aut
511 1033 729 1083 punirent·
760 1035 814 1072 lix
860 1035 949 1073 inde
983 1034 1092 1072 multi
1126 1034 1374 1073 terrebantur
1397 1057 1403 1064 ·
1428 1035 1488 1073 alii

81 1092 237 1142 predam
268 1089 518 1141 patiebantur
541 1111 547 1118 ·
572 1090 633 1128 alii
663 1096 794 1129 autem
825 1098 859 1129 et
892 1091 1156 1142 puniebantur
1178 1114 1185 1121 ·
1210 1098 1246 1129 et
1275 1091 1386 1142 quasi
1416 1092 1489 1130 sub
1518 1101 1556 1132 15

79 1148 327 1198 correptione
349 1146 530 1185 dolebant
553 1167 560 1174 ·
584 1147 656 1195 hec
678 1147 750 1185 sibi
772 1148 912 1186 fecisse
942 1149 1044 1198 quod
1068 1149 1202 1187 miseri
1225 1148 1458 1187 ledebantur
1480 1170 1487 1176 ·

80 1210 118 1243 et
159 1204 247 1255 quia
283 1203 419 1242 cedem
457 1203 557 1241 hanc
593 1203 765 1253 legitime
809 1204 1057 1243 sustinebant
1079 1226 1086 1233 ·
1110 1205 1341 1244 metuebant
1375 1218 1488 1255 grave

77 1261 293 1312 periculum
319 1281 326 1288 ·
351 1260 437 1298 Non
464 1259 553 1310 quia
575 1259 638 1297 ille
667 1261 835 1299 crudelis
860 1282 867 1289 -
891 1261 957 1299 sed
981 1263 1070 1312 quia
1093 1261 1166 1312 ipsi
1188 1261 1331 1300 insueti
1356 1269 1396 1299 ut
1418 1262 1488 1299 sub

78 1319 159 1368 lege
187 1323 254 1356 aut
285 1316 356 1356 sub
395 1316 520 1354 aliena
556 1316 760 1355 uoluntate
798 1318 994 1356 seruirent
1023 1337 1030 1345 ·
1065 1331 1183 1369 graue
1223 1318 1298 1356 illis
1335 1318 1488 1369 pondus

79 1379 162 1413 erat
183 1396 190 1403 ·
215 1373 396 1413 conuersi
417 1373 457 1411 in
475 1373 758 1423 poenitentiam
784 1374 931 1413 llebant
954 1396 960 1403 ·
981 1375 1090 1414 Tunc
1111 1388 1277 1426 aesopus
1298 1375 1372 1413 illis
1394 1388 1488 1413 con·
1515 1382 1556 1414 20

77 1436 137 1470 tra
161 1431 273 1470 talem
296 1429 430 1469 retulit
452 1429 638 1468 fabulam.

192 1487 301 1536 Rane
338 1486 466 1537 inquit
501 1493 688 1525 uacantes
729 1487 769 1525 in
805 1487 936 1526 liberis
976 1487 1183 1539 paludibus
1226 1494 1265 1527 et
1304 1488 1448 1538 stagnis
1480 1508 1487 1515 ·

169 1635 200 1667 4.
218 1634 383 1674 AESOPI]
402 1634 485 1666 fehlt
504 1634 534 1665 B.

168 1681 200 1712 4.
220 1679 724 1719 EXPLICIT—SECVNDVS]
744 1677 827 1711 fehlt
845 1681 877 1711 C.

169 1727 290 1759 5—10.
310 1725 600 1764 Omne—timeat]
620 1727 696 1764 (von
717 1725 858 1756 zweiter
875 1725 977 1756 hand:
997 1725 1061 1766 Qui
1086 1725 1219 1766 proprio
1249 1736 1311 1756 non
1341 1730 1393 1757 est
1410 1736 1487 1756 eon—

77 1776 192 1804 tentus
209 1771 343 1812 dignuin
361 1776 412 1803 est
430 1772 650 1802 coherceatur
668 1769 776 1801 alieno
798 1770 958 1812 imperio.)
994 1770 1050 1801 DE
1068 1769 1253 1803 let‘ETO
1273 1769 1486 1803 OFFICIUM.

77 1816 139 1849 Ille
156 1827 292 1849 securus
312 1817 401 1848 uiuit
418 1816 473 1857 qui
493 1827 555 1846 non
573 1816 672 1846 habet
690 1825 783 1856 quem
802 1815 930 1847 timeat.
950 1818 984 1848 C.

169 1863 200 1894 8.
220 1862 382 1904 equidem]
401 1861 547 1903 equidem
566 1871 607 1892 ex
626 1861 654 1891 A
671 1861 705 1892 Β.

172 1908 223 1939 11.
242 1907 351 1947 nimis]
373 1906 458 1938 fehlt
475 1908 509 1938 C.
529 1925 570 1928 —
590 1906 705 1947 optimi
724 1905 878 1946 fuissent]
898 1906 1021 1947 optime
1040 1907 1200 1938 florerent
1217 1907 1251 1938 C.

171 1955 221 1986 11.
240 1952 342 1984 liberi
362 1952 405 1992 et]
425 1952 566 1983 inuicem
585 1962 620 1982 se
640 1951 823 1990 diligerent
841 1957 874 1983 et
891 1951 993 1983 liberi
1008 1952 1041 1983 C.

172 1998 221 2031 12.
244 2002 275 2029 et
295 1997 358 2029 sibi
376 2016 418 2020 ——
438 1997 609 2029 seruirent
628 1997 709 2035 cum]
728 1996 813 2028 l'ehlt
831 1998 864 2028 C.

171 2043 313 2075 12-13.
335 2043 459 2085 optima
478 2047 511 2074 et
531 2043 624 2082 bona]
646 2041 729 2073 bona
748 2047 781 2073 et
800 2043 923 2084 optima
941 2044 975 2074 C.

172 2089 222 2122 13.
242 2088 395 2128 consilio]
415 2088 592 2119 eonsilium
610 2090 648 2119 A.

171 2133 313 2165 13—14.
347 2133 488 2166 consilio
518 2152 561 2156 —
591 2132 758 2175 punirent]
793 2133 932 2164 consilio
966 2133 1050 2164 bono
1081 2133 1193 2175 adepti
1218 2134 1387 2175 'majorem
1424 2134 1489 2165 sibi

76 2180 249 2221 petierunt
277 2180 331 2221 qui
357 2178 513 2220 inprobos
537 2189 648 2210 mores
673 2183 729 2209 aut
754 2183 971 2220 conpesceret
1002 2184 1060 2210 aut
1088 2179 1175 2211 forte
1204 2180 1304 2211 nimis
1334 2180 1488 2221 inprobos

99 2225 212 2257 uniret
230 2225 263 2256 C.

77 2236 95 2267 P
171 2270 311 2302 14—19.
331 2269 381 2300 Ex
397 2268 566 2309 inde-lege
581 2273 638 2300 aut
657 2268 726 2308 sub]
746 2268 844 2300 Multi
863 2279 903 2300 ex
921 2269 996 2300 inde
1015 2269 1129 2301 territi
1145 2280 1259 2301 uerum
1274 2275 1307 2302 et
1320 2271 1405 2302 satis
1426 2270 1486 2301 lesi

77 2315 234 2347 dolebant
251 2314 326 2347 sibi.
361 2314 448 2346 Haec
468 2313 589 2346 secisse
609 2326 672 2345 non
691 2315 763 2356 quia
783 2314 935 2346 crudeles
956 2318 1077 2355 trasur)
1097 2319 1130 2346 et
1148 2315 1274 2347 insueti
1293 2316 1379 2355 (sub)
1401 2316 1432 2346 C.

169 2361 219 2392 17.
237 2360 332 2400 hanc]
349 2360 433 2391 hanc.
451 2369 601 2392 seueram
621 2360 653 2390 Β.

170 2406 310 2437 19—20.
329 2405 512 2445 seruirent]
533 2406 663 2437 seruire
681 2406 715 2437 C.

169 2451 220 2484 19.
240 2452 531 2492 g1·aue—-contra].
569 2450 720 2492 Aesopus
740 2455 848 2482 autem
867 2461 884 2482 e
900 2455 1016 2483 contra
1037 2452 1070 2483 C.

166 2495 203 2537 II,
226 2497 253 2536 1]
272 2495 324 2535 Ill,
344 2496 360 2526 7
381 2494 415 2526 C.
435 2495 617 2534 Phaedrus,
642 2496 665 2536 l,
686 2496 715 2526 2.
752 2494 925 2536 h'irchhof,
946 2497 975 2536 7,
998 2498 1071 2530 157.

166 2541 219 2572 22.
238 2541 408 2580 uacantes]
428 2546 588 2581 vagantes
607 2541 639 2572 Β.
659 2561 701 2564 -
720 2542 826 2584 inquit
844 2544 1013 2583 uae-antes]
1033 2542 1144 2584 inquid
1162 2542 1319 2574 baeantes
1338 2543 1371 2573 C.

165 2586 219 2618 22.
239 2592 272 2618 et
290 2586 429 2627 stagnis]
449 2584 532 2618 fehlt
551 2588 586 2618 C.

1206 2656 1249 2690 4³¹<
