1659 2796
133 126 223 158 ΑΡΡ.
243 127 297 158 73.
1477 131 1547 168 121

133 228 197 266 73.
258 228 503 276 QUOMODO
538 228 734 267 {UvissN'ls
768 228 863 267 LEO
896 228 1080 267 VOLUIT
1114 228 1310 266 REGERE
1336 230 1548 269 viVENTE

483 285 645 323 PATRE
677 285 740 322 ΕΤ
774 285 874 323 EUM
905 285 1198 323 AMMoVERE.

245 353 321 391 Leo
344 359 422 391 tres
446 352 578 391 habuit
607 353 654 389 de
686 353 870 402 legittima
901 365 969 390 sua
1000 353 1099 390 lilios
1131 372 1137 379 -
1168 353 1337 399 Contigit
1359 360 1488 391 aiitem
1514 362 1555 392 ut

131 416 256 448 mator
278 410 444 447 liliorum
468 415 703 453 moreretur,
727 415 765 446 et
789 409 868 459 ipse
885 408 998 446 aliam
1017 410 1160 447 ducere
1181 410 1313 447 volens
1333 422 1492 447 uxorem
1513 411 1553 448 in

133 467 331 515 regionem
353 466 603 516 longinquam
628 467 796 503 transire
818 465 1024 515 disposuit.
1048 473 1210 517 nuptam
1231 467 1457 515 quesituros
1475 479 1550 517 que

131 523 322 571 regalibus
340 523 518 560 thalamis
537 522 764 559 conveniret
777 543 784 550 ·
799 522 1003 559 Commisit
1023 523 1138 572 igitur
1156 534 1322 569 reguum
1343 535 1458 560 suum
1477 524 1554 560 lilio

132 579 392 629 primogenito
417 585 454 616 vt
475 578 568 617 abiit
592 600 598 607 ·
624 578 677 616 Eo
702 578 830 627 itaque.
853 590 1002 616 moram
1024 578 1190 617 faciente
1218 578 1318 616 lilius
1343 592 1438 617 suus
1459 592 1553 617 uxo-

131 647 213 673 rem
238 635 345 673 duxit
368 640 407 672 et
429 648 470 671 se
492 647 623 684 regem
647 635 792 671 fai-iens
816 635 957 672 fratres
979 647 1071 673 suos
1097 642 1139 673 ut
1162 634 1233 672 sibi
1254 636 1477 683 homagium
1498 637 1553 673 sa—

132 698 266 729 cei-ent
287 691 411 741 coegit
435 713 442 720 ·
474 691 564 729 Erat
584 697 713 729 autem
737 692 818 728 ursi
842 691 929 733 lilia,
959 704 1077 741 quam
1108 691 1179 729 sibi
1209 691 1333 729 iunxit
1356 704 1519 729 uxorem
1546 713 1553 720 ·

132 748 246 786 l’atvr
268 761 357 786 vero
381 748 417 785 in
440 748 598 797 regione
622 748 682 784 illa
707 748 745 784 in
768 759 842 797 qua
865 748 1066 797 profectus
1091 754 1174 786 erat
1198 754 1358 798 nuptam
1383 748 1554 798 despon-

132 804 228 842 savit
248 810 286 842 et
308 805 354 842 ad
378 804 628 842 colubramlas
652 803 798 851 rogales
821 804 990 854 nupcias
1014 805 1058 842 ad
1083 816 1248 850 regnum
1275 817 1388 842 suum
1412 805 1468 841 ire
1486 817 1554 854 pa-

133 861 247 898 ravit·
262 861 444 898 l'remisit
466 874 556 909 ergo
580 863 734 910 legatos,
758 859 824 910 qui
849 862 1058 899 adventum
1078 861 1152 898 lilio
1177 872 1247 898 suo
1268 862 1504 898 nunciarent
1521 867 1557 898 et

132 918 282 967 nupeiis
306 918 387 955 suis
412 917 530 955 tantis
552 916 773 954 necessaria
796 919 991 966 preparari
1018 917 1198 955 iuberent
1224 939 1230 946 ·
1256 916 1375 955 Filius
1395 930 1485 955 vero
1509 918 1556 954 de

131 973 327 1023 legacione
350 974 468 1023 patris
491 974 620 1011 audita
640 974 725 1023 ipse
749 973 944 1011 honorum
967 974 1142 1023 gaudens
1175 979 1212 1011 et
1244 973 1428 1023 imperio,
1458 974 1557 1023 patri

132 1030 393 1073 denunciavit,
425 1036 465 1068 ut
493 1030 597 1068 aliud
621 1030 693 1067 sibi
723 1041 887 1077 reguum
920 1031 1152 1080 acquireret,
1184 1031 1272 1080 quia
1304 1030 1406 1067 istud
1439 1042 1553 1068 suum

132 1099 219 1124 esse
241 1087 401 1124 deberet
425 1106 431 1113 -
456 1087 503 1124 Et
520 1088 616 1124 talos
635 1100 676 1123 se
696 1085 790 1124 dixit
810 1087 954 1124 habere
973 1087 1261 1136 adiutoresper
1278 1099 1377 1137 quos
1395 1087 1555 1124 nolente

132 1149 240 1193 patre
263 1143 302 1181 in
323 1155 446 1191 regno
469 1149 718 1193 permaneret
741 1163 748 1170 ·
779 1142 858 1180 lliis
881 1143 998 1192 igitur
1021 1150 1128 1193 pater
1150 1142 1329 1181 turbatus
1361 1142 1556 1181 mandavit

131 1199 264 1237 amieis
286 1212 431 1249 sponso
454 1213 524 1237 sui¹
545 1205 584 1237 et
605 1200 832 1249 parentibus
861 1205 903 1237 ut
925 1199 965 1237 in
989 1199 1073 1237 eius
1099 1199 1280 1237 venirent
1307 1199 1491 1237 auxilium
1517 1204 1556 1236 et

131 1258 170 1294 in
192 1261 300 1294 tante
324 1256 639 1306 presumpciouis
661 1261 909 1294 armarentur
932 1256 1127 1293 ulcionem
1155 1278 1162 1285 ·
1198 1256 1401 1293 Venerunt
1422 1256 1554 1305 itaque

131 1311 265 1363 vulpes
287 1317 325 1350 et
347 1312 549 1362 vulpecule
571 1324 659 1350 cum
682 1318 762 1349 tota
786 1312 986 1363 progenie,
1010 1313 1210 1351 famosum
1236 1312 1425 1350 ducentes
1445 1324 1555 1350 exer-

133 1369 252 1407 citum
275 1375 313 1406 et
335 1368 526 1407 indictum
549 1375 607 1406 est
631 1368 770 1407 lwlium
803 1390 810 1397 ·
841 1369 983 1419 Vulpes
1007 1375 1139 1406 autem
1163 1381 1242 1408 non
1267 1375 1348 1406 tam
1374 1369 1412 1406 111
1435 1368 1553 1405 armis

133 1437 249 1475 quam
271 1425 312 1463 in
334 1425 483 1464 artibus
506 1425 587 1463 suis
609 1425 855 1463 confidentes
878 1425 950 1462 illis
972 1425 1163 1464 insistunt
1186 1432 1224 1463 et
1246 1425 1340 1463 latas
1366 1426 1496 1462 foveas
1518 1431 1554 1462 et

132 1482 348 1532 profundas
372 1481 410 1519 in
434 1494 572 1531 campo
603 1481 691 1519 belii
724 1482 804 1519 lieri
832 1481 1056 1532 precipiunt
1086 1489 1124 1520 et
1153 1481 1274 1520 ramis
1305 1482 1419 1520 melle
1450 1481 1554 1519 illitis

132 1538 280 1589 aperire
302 1544 339 1576 et
361 1538 489 1575 herbis
518 1559 526 1566 -
558 1537 625 1575 Die
658 1538 775 1586 igitur
798 1544 946 1576 statuto
977 1538 1133 1577 iuvenis
1164 1539 1223 1576 leo
1255 1550 1343 1575 curn
1368 1537 1554 1576 fratribus

133 1595 213 1633 suis
241 1602 280 1632 et
311 1606 451 1642 magno
480 1606 665 1631 ursorum
693 1595 866 1632 exeri-itu
889 1594 993 1632 venit
1024 1594 1063 1632 iu
1093 1607 1289 1645 eampum,
1327 1600 1365 1631 et
1393 1593 1555 1644 quilibet

134 1652 299 1689 fratrum
323 1651 509 1701 equitavit
531 1662 667 1688 ursum
692 1672 699 1679 ·
724 1651 778 1689 llli
796 1658 924 1689 autem
945 1662 1076 1700 pugne
1100 1652 1229 1702 cupidi
1257 1651 1396 1689 erectis
1431 1650 1553 1700 signis

134 1707 216 1745 suis
239 1707 276 1745 in
299 1713 449 1758 partem
475 1707 640 1744 tendunt
661 1707 861 1745 adversam
882 1728 889 1736 ·
915 1707 1029 1745 Pater
1051 1720 1140 1745 vero
1162 1708 1344 1745 timorem
1365 1708 1554 1745 simulans

134 1765 173 1802 in
194 1763 264 1802 alia
289 1769 397 1814 parte
420 1765 620 1801 fovearum
643 1764 745 1801 acies
769 1776 857 1802 suas
880 1763 1080 1802 detinebat
1102 1785 1109 1792 ·
1135 1763 1222 1802 Ursi
1244 1764 1363 1810 igitur
1390 1764 1553 1802 audaces

134 1827 173 1858 et
194 1820 350 1871 superbi
367 1820 408 1857 in
426 1820 674 1857 animositate
691 1832 761 1857 sua
779 1820 1011 1870 gradientes,
1031 1832 1121 1858 mox
1139 1827 1181 1858 ut
1199 1820 1322 1858 mellis
1340 1826 1555 1858 senserunt

135 1877 308 1917 odorem.
329 1877 376 1914 ad
397 1888 528 1915 ramos
550 1876 734 1914 delinitos
755 1883 1006 1915 accesserunt
1028 1898 1036 1906 ·
1060 1877 1108 1914 Et
1131 1878 1224 1914 dum
1247 1877 1373 1914 mellis
1395 1877 1552 1914 fraudes

134 1939 357 1984 sequuntur
378 1933 495 1971 nimis
518 1933 589 1983 ipsi
612 1945 700 1971 cum
722 1933 803 1971 suis
825 1933 1022 1984 equitibus
1045 1932 1245 1971 subruunt
1273 1934 1313 1971 in
1341 1933 1484 1977 foveas,
1516 1939 1553 1970 et

134 1989 189 2028 sie
209 1989 309 2040 patri
331 1990 447 2027 cessit
468 1988 627 2028 victoria
650 1996 689 2026 et
709 1995 893 2039 negatum
917 1989 990 2027 sibi
1013 2001 1182 2039 regnum
1204 1990 1365 2039 recepit.
1396 1989 1552 2027 adiutus

134 2046 257 2097 magis
279 2051 362 2084 arte
380 2046 554 2096 vulpium
573 2058 688 2096 quam
705 2046 851 2084 viribus
868 2057 1069 2084 armorum
1088 2066 1095 2073 ·
1115 2046 1391 2084 moralitas.
1415 2045 1552 2083 Nullus

133 2102 266 2145 homo,
299 2103 489 2153 quamdiu
512 2102 585 2152 ipsi
607 2107 738 2152 potest
760 2103 924 2140 militare
947 2101 1064 2140 debet
1087 2114 1251 2151 regnum
1281 2115 1397 2140 suum
1420 2108 1458 2139 et
1479 2114 1552 2152 po-

135 2164 314 2198 testatem
346 2165 384 2197 et
406 2159 594 2197 honorem
625 2158 702 2196 lilio
733 2171 804 2197 suo
833 2172 881 2197 ex
907 2158 1060 2207 integro
1091 2160 1191 2196 etin
1222 2159 1335 2208 plena
1357 2164 1552 2209 potestate

138 2216 241 2254 dare.

229 2340 300 2372 app.
321 2330 371 2361 73.
398 2329 475 2362 Cod.
495 2328 644 2367 Gotting.
670 2328 740 2361 134.

1582 472 1600 501 5

1589 755 1627 787 10

1588 1043 1628 1074 15

1584 1324 1626 1356 20

1584 1602 1624 1634 25

1582 1882 1624 1913 30

1583 2161 1623 2192 35
