1659 2796
58 145 149 179 ΑΡΡ.
169 147 222 179 48.
1397 148 1475 187 109

115 247 181 288 48.
221 247 468 294 QUOMODO
492 247 885 343 QUDABIIHNI'RLIiQT
909 248 1140 287 YENDERE
1163 248 1338 295 EQL'UM
1360 249 1422 287 ET

169 371 296 411 Homo
329 372 489 424 quidam
519 371 661 411 obtulit
690 372 775 411 foro
805 372 957 411 hircum
986 372 1152 412 fetidum
1185 379 1221 412 et
1250 373 1418 424 pilosum
1441 380 1480 413 et

58 440 148 468 cum
169 441 215 468 eo
239 428 427 479 elegantis
448 428 575 467 forme
605 441 771 480 equum,
805 435 846 468 ut
875 435 1005 468 utrum
1030 430 1214 468 venderet
1247 435 1285 468 et
1313 430 1480 481 emptori

58 485 356 524 estimacionem
377 485 500 536 precii
522 485 669 524 talento
692 485 918 537 proposuit·
947 485 1094 524 Institit
1116 498 1206 536 ergo
1230 492 1383 537 emptor
1405 499 1479 526 cu-

55 541 168 592 piens
179 554 324 593 equum
335 542 608 580 tantummodo
620 543 921 587 eme1·e‚hircum
932 554 1024 580 vero
1038 542 1231 581 venditori
1243 542 1479 594 relinquere·

58 597 234 638 Rennuit
254 598 317 637 ille
340 598 474 637 dicens
497 604 540 637 ut
561 598 620 636 vel
641 603 856 650 utrumque
876 604 1031 638 teneret
1048 599 1105 637 vel
1124 604 1290 650 utroque
1309 605 1480 638 careret·

54 654 315 694 Moralitas.
338 655 473 706 Equus
492 661 528 694 et
547 655 679 694 hircus
694 656 856 694 virtutes
874 660 969 693 sunt
986 655 1130 694 etvicia
1149 655 1189 693 in
1208 656 1315 694 malis
1335 662 1371 694 et
1388 668 1480 707 per—

55 711 176 750 versis
199 711 440 757 hominibus,
465 712 529 762 qui
553 724 641 750 cum
665 712 720 751 eis
742 711 1052 763 inseparabiliter
1074 712 1263 750 coherent
1285 734 1292 740 ·
1322 712 1362 750 Si
1387 725 1479 763 pra-

56 768 111 807 vis
133 767 355 807 cohabitare
377 767 510 813 voluit,
541 768 571 807 si
601 781 676 819 qua
706 769 746 806 in
769 769 822 806 eis
846 768 894 806 sit
922 768 1044 807 virtus
1076 768 1292 819 quamlibet
1320 781 1407 806 rara
1437 769 1478 806 in

57 825 165 863 omni
187 824 339 863 actione
362 836 430 864 sua
454 824 596 864 vicium
618 825 756 864 adesse
779 824 1043 864 necessarium
1068 831 1137 868 est,
1167 837 1241 863 nec
1263 837 1387 876 equus
1410 837 1479 876 pe-

57 881 147 920 terit
169 881 292 920 eciam
314 881 400 919 sine
423 881 543 920 hirco.

74 973 140 1012 49.
201 972 445 1019 QrOMODO
479 972 670 1011 CERVL'S
705 972 973 1012 OCClDlTL'R
1004 972 1151 1011 IL'SSU
1184 972 1362 1011 YL'LPIS
1396 973 1460 1012 UT

399 1029 497 1069 COR
526 1029 760 1068 FL'RETL’R
792 1029 855 1067 ET
888 1028 1134 1067 COMEDAT.

169 1096 316 1135 Accidit
338 1097 548 1148 aliquando
572 1103 615 1136 ut
636 1097 695 1136 leo
718 1097 887 1147 graviter
907 1097 1175 1136 infirmaretur
1207 1103 1245 1135 et
1269 1096 1480 1136 astiterunt

58 1154 238 1193 universe
259 1153 384 1192 bestie
403 1175 410 1181 ·
439 1154 548 1192 lnter
573 1166 670 1205 quas
693 1166 768 1204 que
791 1159 917 1191 artem
940 1153 1135 1192 medicine
1158 1153 1341 1192 noverint
1363 1153 1418 1192 sic
1447 1154 1482 1192 ei

56 1210 258 1250 dixerunt:
279 1209 333 1248 De
354 1210 593 1256 infirmitate,
617 1223 638 1248 o
661 1222 742 1254 rex,
767 1210 831 1248 diu
854 1210 1104 1249 tractavimus
1127 1210 1296 1248 multum
1320 1209 1482 1248 sollicite

56 1273 94 1306 et
114 1266 371 1306 libentissime
393 1266 464 1305 tibi
494 1266 808 1309 subveniremus,
838 1278 912 1304 nec
940 1279 1151 1317 possumus
1181 1265 1256 1304 nisi
1284 1278 1350 1305 cor
1379 1266 1482 1305 cervi

54 1323 272 1363 habeamus
290 1344 298 1351 ·
325 1323 605 1374 Apprehensus
637 1323 757 1373 igitur
787 1327 845 1361 est
868 1335 1004 1361 cervus
1027 1329 1063 1361 et
1087 1323 1307 1361 decoriatus
1339 1322 1386 1360 ab
1407 1323 1482 1361 hiis

57 1379 200 1431 quibus
222 1379 316 1419 illud
335 1379 452 1418 officii
469 1386 553 1418 erat
570 1379 793 1418 iniunctum
814 1401 822 1408 ·
851 1379 1164 1418 Circumstabant
1181 1385 1313 1417 autem
1331 1379 1482 1429 singule

56 1436 182 1476 bestie
206 1442 243 1475 et
266 1449 312 1475 eo
336 1436 549 1476 eviscerato
573 1448 640 1475 cor
662 1436 845 1475 euulsum
862 1441 921 1475 est
940 1437 987 1475 ad
1004 1437 1160 1475 leonem
1179 1436 1481 1486 deportandum,

56 1498 100 1532 ut
121 1505 211 1532 cum
234 1505 280 1532 ex
302 1506 347 1532 eo
369 1498 564 1543 gustasset
587 1493 647 1531 leo
670 1492 746 1531 cito
768 1498 999 1543 recuperata
1025 1492 1192 1531 sanitate
1210 1505 1230 1530 a
1254 1492 1352 1531 lecto
1381 1493 1484 1543 egri-

55 1549 204 1589 tudinis
227 1555 451 1601 exsurgeret
471 1572 477 1577 ·
508 1549 583 1587 Sed
606 1549 710 1587 inter
731 1549 807 1587 hoc
828 1548 1031 1600 vulpecula
1053 1562 1120 1587 cor
1137 1548 1252 1587 cervi.
1271 1548 1375 1599 quod
1393 1561 1484 1587 casu

55 1605 280 1658 depositum
304 1612 400 1650 erat,
434 1604 569 1644 dolose
592 1606 716 1644 furata
740 1612 798 1643 est
821 1612 857 1643 et
880 1605 1063 1647 comedit,
1096 1605 1200 1656 quod
1223 1604 1323 1643 inter
1345 1617 1482 1643 omnes

54 1662 198 1702 bestias
219 1663 419 1714 quesitum
442 1668 480 1701 et
501 1661 795 1712 diligentissime
814 1662 1091 1712 investigatum
1108 1661 1211 1712 apud
1229 1661 1375 1700 nullam
1394 1661 1480 1700 illo—

54 1731 144 1758 rum
165 1719 371 1758 inventum
395 1725 456 1757 est
478 1741 484 1747 ·
513 1718 767 1769 Vulpeculam
790 1725 921 1757 autem
939 1723 1162 1769 suspectam
1181 1718 1227 1756 de
1242 1718 1315 1756 hoc
1334 1717 1482 1756 habue-

54 1782 149 1815 runt
170 1782 208 1814 et
228 1775 462 1815 incusabant
484 1787 569 1814 eam
592 1781 634 1813 ut
657 1787 723 1812 cor
746 1775 846 1813 cervi
869 1775 1029 1813 domino
1052 1787 1121 1813 suo
1145 1780 1222 1813 tam
1245 1775 1339 1813 utile
1362 1774 1481 1812 devo—

54 1837 183 1872 rasset
201 1853 208 1861 ·
226 1832 375 1879 Quibus
397 1831 601 1883 respondit
622 1831 843 1881 vulpecula:
868 1831 986 1870 Plane
1008 1831 1190 1869 iniuriam
1214 1831 1389 1870 sustineo
1411 1843 1482 1881 pro

57 1901 102 1927 eo
125 1889 230 1940 quod
252 1889 326 1928 hoc
348 1889 454 1927 nefas
478 1888 572 1926 mihi
595 1887 796 1938 imponitis
818 1910 824 1916 ·
855 1888 954 1926 Sunt
979 1887 1085 1926 enim
1107 1887 1178 1926 alie
1211 1900 1329 1938 quam
1350 1888 1482 1938 plures

54 1945 180 1984 bestIe
207 1958 306 1996 quos
326 1945 468 1984 iustius
492 1945 670 1983 incusare
694 1944 842 1983 debetis
871 1957 988 1995 quam
1021 1957 1102 1989 me,
1137 1957 1184 1983 an
1217 1944 1385 1995 putatis,
1415 1956 1479 1982 me

54 2008 137 2040 tam
156 2002 275 2053 impie
297 2001 391 2041 velle
415 1999 560 2052 agere?
597 2001 673 2039 Sed
705 2001 737 2039 si
768 2001 867 2039 leoni
902 2001 1012 2040 fuero
1043 2001 1213 2039 exhibita
1242 2013 1372 2039 coram
1396 2000 1480 2051 ipso

55 2059 327 2097 innocenciam
352 2070 481 2096 meam
503 2057 722 2097 declarabo.
747 2057 852 2108 quod
877 2057 969 2109 quid
991 2069 1123 2095 coram
1144 2057 1253 2096 vobis
1271 2056 1480 2095 ostendere

55 2127 137 2153 non
159 2115 286 2154 valeo·
316 2114 580 2161 Consensiunt
603 2114 733 2165 itaque
756 2113 879 2152 bestie
901 2121 937 2152 et
961 2114 1114 2152 dicunt·
1143 2113 1253 2165 Apud
1271 2125 1343 2152 nos
1365 2113 1482 2151 inno-

56 2182 150 2210 cens
171 2171 307 2210 haberi
327 2172 488 2222 poteris,
511 2171 543 2209 si
566 2171 611 2209 de
635 2171 862 2210 innocencia
883 2178 949 2209 tua
971 2170 1076 2209 leoni
1100 2176 1277 2209 constare
1306 2169 1445 2209 feceris
1474 2193 1479 2199 -

57 2228 186 2266 Astitit
208 2228 325 2278 igitur
346 2240 477 2266 coram
498 2227 622 2266 leone.
646 2227 707 2265 cui
731 2235 767 2265 et
789 2227 850 2265 leo
869 2227 980 2265 dixit:
1005 2226 1078 2265 [bi
1096 2233 1154 2266 est
1173 2239 1239 2266 cor
1256 2227 1356 2265 cervi
1376 2226 1481 2277 quod

58 2284 253 2322 medicine
283 2298 368 2323 mee
398 2285 468 2323 fuit
499 2282 808 2335 apponendum?
852 2284 1059 2334 Vulpecula
1089 2296 1178 2323 cum
1202 2283 1480 2322 ammiracione

56 2340 279 2392 respondit:
302 2341 432 2380 Putas.
456 2355 476 2379 o
499 2353 577 2384 rex,
602 2341 706 2391 quod
730 2352 864 2378 cervus
881 2340 1017 2379 habuit
1034 2339 1129 2379 cor?
1154 2341 1235 2391 ipse
1253 2340 1388 2391 procul
1407 2339 1480 2377 du-

60 2396 122 2435 bio
145 2409 234 2436 cum
257 2397 413 2436 deberet
437 2397 559 2436 occidi
582 2403 621 2435 ut
644 2397 726 2447 ipse
749 2396 841 2435 vidit
863 2397 904 2435 in
926 2397 1051 2448 prima
1070 2396 1373 2448 congregacione
1393 2407 1480 2434 011111

150 2545 220 2578 app.
240 2536 293 2568 48.
322 2536 398 2568 cod.
419 2536 570 2576 Gotting.
590 2536 641 2566 53.
668 2534 776 2567 Marie
797 2537 848 2567 55.
878 2535 1031 2576 Legrand
1051 2535 1080 2574 4,
1101 2535 1172 2567 173.

151 2591 222 2623 app,
242 2582 295 2612 49.
323 2580 401 2612 Cod.
423 2580 572 2621 Gotting.
593 2583 644 2612 59.
675 2579 782 2612 Marie
800 2581 852 2613 61.

1509 495 1528 526 5

1511 775 1551 807 10

1513 1104 1550 1135 15

1512 1390 1554 1422 20

1510 1672 1551 1703 25

1509 1954 1552 1984 30

1511 2233 1553 2264 35
