1659 2796
64 81 168 119 ROM.
186 87 218 126 2,
239 87 290 119 13.
1422 96 1475 134 59

65 190 119 230 sic
147 188 198 226 ait
221 209 228 217 ·
250 187 414 228 Mortem
439 189 568 239 queris
598 189 801 240 improba·
834 191 930 229 Nam
962 191 1070 232 facile
1102 206 1255 233 mecum
1288 197 1405 234 redeo
1436 198 1475 235 in

63 247 223 298 gratiam
243 268 250 276 ·
269 251 312 284 tu
334 252 462 284 autem
489 259 571 285 mea
590 247 767 286 morieris
785 248 891 299 alapa
910 269 916 276 ·
943 248 1021 299 Πρω
1037 249 1166 289 fabula
1185 251 1232 289 de
1249 252 1447 292 Iniuriosis
1467 276 1474 283 ·

65 304 130 355 qui
152 303 225 342 sihi
246 303 424 341 inimicos
448 309 592 341 creant.

70 397 133 436 14,
175 396 304 442 Qvon
326 395 424 433 TIBI
443 395 544 434 NON
568 396 643 433 vis
661 396 792 434 FIERI
815 396 929 435 ALIO
952 397 1016 435 NE
1035 398 1205 437 FACIAS
1225 419 1232 426 ·
1253 399 1313 438 DE
1338 400 1471 439 Sim-

224 452 446 491 LATIONE
469 452 646 490 Posx'l'r
670 453 816 491 Nonis
839 454 1035 493 AVCTOR
1057 455 1297 494 FABVLAM.

177 527 307 578 Vulpis
330 527 376 565 ad
400 539 536 565 cenam
560 527 747 565 ciconiam
779 528 884 578 prior
914 529 1092 567 inuitauit
1118 551 1125 558 ·
1149 536 1185 568 et
1207 531 1338 581 posuit
1361 531 1410 570 illi
1435 532 1475 570 in

65 584 193 623 catino
245 583 498 622 sorbitionem
544 583 731 635 liquidam
777 606 783 613 ·
829 586 874 623 de
918 598 993 637 qua
1030 586 1158 625 satiari
1210 600 1289 625 non
1340 589 1475 639 potuit.

64 641 250 680 Esuriens
282 640 396 680 rediit
427 640 585 691 cyconia
611 662 617 669 -
637 640 727 679 I'ost
747 654 887 692 paucos
906 642 987 681 (lies
1006 649 1043 680 et
1062 643 1122 681 illa
1140 644 1300 694 rogabat
1318 646 1475 696 uulpem

67 702 109 736 ut
130 698 285 737 ueniret
306 697 350 735 ad
374 710 510 736 cenam
531 717 538 724 ·
559 704 591 736 et
617 697 669 736 sic
693 698 848 748 cyconia
867 699 1004 738 fecisse
1023 699 1165 738 dicitur
1188 722 1194 729 ·
1214 702 1266 739 Ac
1288 701 1326 739 in
1346 702 1477 751 lagena

64 754 188 793 nitrea
219 754 396 806 posuisse
419 755 602 793 lautiores
635 767 740 803 escas
765 776 772 783 ·
807 755 917 793 Prior
939 756 1064 806 coepit
1098 769 1252 795 sumere
1289 759 1444 808 cyconia
1469 780 1477 788 -

66 811 204 850 deinde
244 817 396 850 ortatiu·
424 812 582 862 uulpem
607 833 613 840 ·
639 812 777 849 Statim
809 813 938 863 uulpis
969 813 1152 851 iniuriam
1184 814 1304 852 sensit
1327 836 1334 843 ·
1359 821 1394 853 et
1425 815 1478 853 sic

66 869 224 919 cyconia
242 869 337 907 dixit
354 868 460 919 uulpi
485 890 492 897 ·
513 868 551 906 Si
571 868 672 906 bona
691 868 832 907 dedisti
851 869 1042 919 accipe-si
1059 870 1278 920 ‹ledIgnaris
1297 883 1476 921 agnosce.

67 924 158 963 llfec
186 925 232 964 de
263 926 321 964 liis
343 925 484 963 dicitur
513 926 576 976 qui
613 925 741 964 uerbis
772 926 860 963 lidei
884 926 1023 964 ludunt
1047 948 1053 955 ·
1078 927 1127 965 ita
1150 940 1244 965 uero
1268 929 1479 978 fatigantur

66 981 217 1021 iniuria·
259 982 389 1021 Monet
411 982 482 1030 hec
504 981 632 1021 fabula
655 1004 661 1011 ·
686 982 781 1020 nulli
803 984 928 1021 facere
951 983 1222 1034 imposturam.

105 1087 166 1124 15.
208 1086 271 1124 DE
294 1086 463 1124 PARVM
486 1086 805 1124 SAPIENTIBYS
828 1086 1027 1125 AYCToR
1050 1086 1184 1125 DIXIT
1206 1087 1444 1127 FABVLMI.

178 1171 393 1210 Personam
429 1172 606 1223 tragoedi
644 1174 758 1223 lupus
795 1174 834 1211 in
871 1186 962 1224 agro
1007 1173 1159 1212 inuenit
1188 1196 1195 1203 ·
1236 1175 1477 1225 Tragoedam

65 1229 186 1268 semel
209 1235 247 1268 et
270 1229 411 1267 iterum
436 1229 555 1267 uertit.
578 1251 585 1258 ·
611 1231 641 1267 (γ)
666 1236 808 1280 quanta
836 1230 985 1281 species
1008 1231 1059 1269 ait
1083 1253 1089 1260 -
1113 1237 1149 1269 et
1171 1231 1376 1270 cerebrum
1401 1245 1479 1271 non

64 1285 179 1324 hahet
202 1307 210 1314 ·
233 1285 313 1332 Ilec
334 1286 379 1324 (le
402 1285 474 1323 illis
497 1286 680 1326 dicuntur
703 1308 710 1315 ·
735 1287 801 1337 qui
833 1287 994 1337 gloriam
1024 1292 1062 1326 et
1083 1287 1275 1326 honorem
1300 1288 1448 1328 hahent
1471 1310 1478 1318 -

67 1354 227 1381 sensum
249 1348 380 1381 autem
404 1355 484 1381 non
507 1342 653 1382 hahent
676 1343 812 1382 ullum.

159 1483 187 1515 1.
205 1483 252 1514 sic
269 1483 330 1523 ait]
350 1481 437 1513 dixit
454 1481 489 1513 C.
507 1500 550 1504 -—
564 1481 658 1522 Nam]
679 1480 760 1513 fehlt
778 1482 812 1513 C.

156 1528 254 1559 2—3.
288 1533 324 1560 tu
351 1529 635 1568 autem—creant]
661 1532 832 1559 contemno
862 1527 982 1559 aetatis
1002 1527 1157 1559 iniuriam
1182 1552 1188 1558 .
1214 1526 1363 1569 Explicit
1397 1527 1483 1560 liber

77 1574 188 1605 >rimus
206 1574 241 1605 C.

66 1585 75 1616 I
154 1618 192 1655 11,
215 1619 265 1659 14]
285 1617 322 1654 ΙΙ,
342 1620 359 1649 3
379 1619 412 1650 C.
431 1617 609 1651 Phaedrus,
633 1619 660 1657 1,
679 1618 732 1649 26.
752 1616 924 1657 fiii-chhof,
944 1618 974 1656 7,
993 1617 1045 1648 29.

154 1665 253 1695 4—5.
284 1661 639 1705 QUOD-FABULAM]
674 1663 729 1694 DE
766 1662 1102 1695 INPOSITORIBUS.
1153 1662 1238 1704 Quid
1265 1662 1390 1704 (Quod)
1416 1663 1483 1695 sibi

66 1709 172 1752 (quis)
198 1710 269 1741 [ieri
295 1721 359 1741 non
391 1710 464 1741 uult
488 1734 495 1740 .
520 1719 559 1740 ne
585 1709 617 1740 in
649 1708 715 1739 alio
742 1708 845 1740 faciat
869 1733 876 1740 .
902 1708 1051 1740 Similem
1077 1708 1238 1740 rationem
1263 1708 1344 1740 haec
1370 1708 1481 1740 fabula

77 1755 159 1787 ›onit
175 1755 210 1787 C.

66 1767 76 1798 Ι
157 1800 187 1832 6.
213 1799 591 1839 ciconiam—inuitauit]
621 1799 742 1831 dicitur
768 1799 857 1841 prior
888 1799 1051 1831 inuitasse
1082 1799 1181 1839 (corr.
1208 1809 1266 1830 aus
1293 1798 1418 1831 inuitat
1443 1809 1478 1831 se

64 1846 236 1884 ciconiam)
255 1846 289 1877 C.

155 1891 277 1923 6—14.
297 1894 330 1922 et
346 1890 744 1933 posuit—imposturam]
759 1890 884 1922 Deinde
898 1890 1001 1922 coctis
1025 1890 1166 1921 sareulis
1179 1891 1280 1930 (corr.
1298 1901 1353 1922 zu:
1369 1894 1480 1922 coctas

65 1936 357 1975 sorbitiunculas).
378 1936 410 1967 in
436 1945 597 1967 marmora
621 1935 729 1967 fudit.
750 1940 783 1967 et
807 1936 914 1967 omnia
938 1935 1059 1967 Iincxit
1077 1959 1083 1965 .
1103 1935 1147 1966 At
1169 1946 1248 1968 uero
1273 1935 1400 1968 ciconia
1425 1935 1480 1966 ubi

67 1982 148 2013 nihil
174 1982 378 2013 commedere
402 1981 534 2023 potuit.
559 1980 682 2012 lnuitat
706 1985 740 2012 et
765 1981 838 2022 ipsa
862 1981 995 2021 uulpem
1024 1985 1058 2012 et
1081 1985 1193 2012 coctos
1219 1981 1424 2014 coIluriones
1447 1981 1479 2011 in

65 2027 263 2067 languenam
276 2027 411 2058 mittens
426 2027 558 2068 uulpem
572 2031 701 2057 ortatur
715 2026 885 2058 comedere
900 2051 906 2057 .
924 2026 1040 2068 Uulpis
1054 2035 1133 2057 uero
1148 2027 1180 2058 in
1195 2033 1304 2059 rostro
1318 2027 1480 2067 languene

66 2082 168 2114 pauca
185 2072 304 2103 Iincxit
323 2097 328 2103 .
349 2077 382 2104 et
399 2072 446 2104 sic
469 2071 598 2103 ciconia
616 2071 773 2104 irascitur
790 2072 881 2114 uulpi
905 2072 1018 2103 dicens
1036 2096 1042 2102 .
1062 2070 1168 2104 Inuita
1188 2073 1325 2105 deberes
1343 2071 1481 2103 reddere

66 2127 128 2159 que
154 2117 315 2159 accepisti
333 2142 339 2148 .
359 2118 395 2149 Si
414 2118 494 2149 bona
515 2117 639 2149 dedisti
656 2118 766 2160 accipe
781 2118 865 2149 bona
880 2142 887 2150 .
902 2122 940 2149 ut
954 2128 1017 2148 non
1035 2117 1143 2151 tristis
1161 2119 1278 2151 redeas
1295 2128 1352 2150 oro
1372 2122 1481 2149 tamen

68 2162 99 2194 si
117 2172 167 2194 me
185 2162 316 2203 dignam
333 2163 436 2195 habes
454 2163 587 2203 ignosce
607 2163 639 2195 C.

159 2207 210 2238 10.
230 2208 402 2248 lautiores]
420 2209 581 2240 lautiores
600 2208 698 2239 simul
719 2209 750 2239 Β.

155 2251 193 2292 II,
219 2254 267 2293 15]
287 2253 338 2293 ΙΙΙ,
357 2255 376 2285 6
395 2254 430 2285 C.
470 2254 649 2291 Phaedrus,
673 2255 698 2293 1,
725 2254 750 2284 7.
788 2252 958 2290 Hirehhof,
979 2256 1008 2292 7,
1028 2253 1082 2288 51.

159 2299 208 2330 15.
229 2298 567 2339 DE-FABULAMJ
587 2298 642 2329 DE
660 2298 969 2332 INSIPIENTIBL'S
986 2300 1020 2332 C.

160 2343 211 2375 16.
230 2344 264 2375 in
281 2344 371 2385 agro]
390 2343 474 2376 fehlt
490 2345 523 2376 C.
535 2344 954 2386 -Tragoedam—uertit]
967 2345 1050 2378 Dum
1067 2346 1215 2386 girasset
1234 2345 1324 2376 illam
1342 2348 1374 2375 et
1392 2342 1482 2384 regi—

68 2391 178 2420 rasset
196 2389 253 2420 ait.
273 2390 307 2421 C.

160 2433 212 2466 17.
231 2434 289 2474 ait]
308 2435 417 2476 inquit
441 2436 476 2468 C.
491 2454 533 2458 —
548 2436 593 2476 et]
612 2435 670 2467 sed
687 2436 722 2467 C.

159 2480 211 2513 18.
236 2480 439 2521 Hec-ullum]
469 2481 537 2513 Hoc
566 2481 600 2512 in
629 2481 699 2512 illis
732 2480 858 2513 dicitur
884 2481 1003 2523 quibus
1027 2485 1104 2512 sunt
1128 2480 1268 2512 diuitiae
1305 2485 1338 2512 et
1366 2488 1482 2521 parum

68 2533 200 2557 sensum
217 2525 348 2558 habent.
368 2526 402 2559 C.

1508 767 1547 798 10

1510 1095 1548 1127 15
