1659 2796
100 144 192 176 APP.
213 144 265 176 24.
1460 147 1512 184 97

206 313 436 352 Volucribus
471 314 669 365 quondam
701 327 771 365 pro
801 326 892 364 rege
922 327 993 353 suo
1023 314 1199 365 eligendo
1228 315 1275 353 ad
1304 315 1512 355 concilium

94 370 358 421 congregatis,
393 370 522 409 audita
552 376 611 409 est
635 384 706 409 vox
729 371 853 410 cuculi
876 384 895 409 a
917 371 1031 421 longe
1060 371 1307 409 concinentis
1331 393 1338 400 ·
1365 372 1512 410 Omnes

94 440 229 466 vocem
253 433 331 465 tam
355 438 539 465 sonoram
563 432 601 465 et
623 427 764 465 claram
788 426 1011 472 laudabant,
1033 428 1100 465 sed
1123 440 1233 466 avem
1256 440 1355 478 quae
1377 441 1510 466 vocem

92 484 286 527 emiserat
308 483 568 533 ignoiabant·
588 483 777 522 Dicebant
798 496 882 522 eam
902 489 1032 522 tantae
1050 483 1255 522 facundiae
1276 490 1314 522 et
1332 490 1410 522 tam
1430 484 1511 523 cla-

91 553 155 579 rae
177 539 308 591 populi
330 552 386 578 re
376 539 523 590 gimine
545 539 701 589 dignam
725 552 829 585 esse,
861 540 953 578 dum
975 545 1109 578 tamen
1133 546 1243 578 actus
1276 546 1314 579 et
1335 541 1512 579 animum

91 596 267 635 cantibus
284 596 549 647 adaequaret·
569 596 762 634 Miserunt
784 596 901 647 igitui
923 608 1149 645 mesentram
1171 597 1217 635 ad
1242 598 1513 647 (ontemplan-

90 652 183 691 dum
206 652 291 703 ejus
313 652 596 691 continentiam
620 658 658 690 et
679 658 883 697 statutam,
906 666 1004 704 quae
1023 666 1066 690 x(
1072 653 1181 691 niens
1198 653 1325 691 sedit
1318 666 1355 691 in
1375 653 1512 692 arbore

85 708 193 760 Juxta
217 721 322 755 eam,
351 708 521 760 viditque
545 709 725 748 cuculum
756 709 821 759 qui
853 709 953 747 tristi
984 710 1091 748 vultu
1124 715 1160 747 et
1191 710 1314 759 capite
1345 710 1511 748 demisso

89 766 193 805 nulla
214 765 426 804 nobilitatis
449 765 601 811 iudicia,
619 766 688 804 sed
712 765 977 804 inlumestiam
1002 766 1131 816 potius
1154 772 1189 803 et
1214 766 1401 804 desidiam
1425 779 1512 805 cor-

90 822 149 861 dis
170 822 452 873 praetendebat
476 844 483 851 ·
512 822 656 860 volens
674 822 800 860 adhuc
822 834 1006 871 mesenga
1029 822 1153 860 cuculi
1188 822 1431 861 conditiones
1454 823 1512 861 ul-

91 878 212 917 terius
230 878 409 930 experiri,
432 878 637 917 adscendit
657 878 696 916 in
719 878 899 916 arborem
919 891 1037 929 super
1054 891 1143 917 eum
1164 885 1201 917 et
1217 891 1334 929 supra
1353 878 1511 917 dorsum

90 935 172 985 ejus
194 935 397 973 foeditates
420 934 576 985 egessit,
601 948 674 973 nec
692 941 855 986 propter
872 935 945 973 hoc
963 935 1124 974 cuculus
1144 935 1183 973 in
1201 935 1327 986 aliquo
1344 948 1385 973 se
1403 948 1512 973 com—

89 991 209 1030 movit
228 1013 235 1020 ·
254 991 363 1029 Tunc
386 1004 570 1042 meseuga
594 992 749 1030 rediens
771 1004 981 1042 moresque
1004 992 1129 1031 cuculi
1151 991 1370 1042 reprobans
1389 998 1423 1029 et
1443 992 1511 1031 de-

88 1053 241 1087 testans
263 1048 386 1099 ipsius
409 1048 673 1086 inhonestiam
697 1048 861 1087 caeteris
886 1048 1020 1087 avilius
1048 1048 1264 1093 nunciavit,
1288 1054 1325 1086 et
1348 1048 1511 1098 qualiter

90 1105 222 1143 ulcisci
245 1104 414 1143 dedecus
437 1104 542 1155 quod
565 1104 638 1142 sibi
661 1104 841 1143 intulerat
866 1117 944 1143 non
968 1111 1024 1143 est
1043 1117 1158 1143 ausus
1177 1126 1184 1133 ·
1204 1105 1425 1151 Quomodo,
1449 1104 1511 1142 in-

88 1162 183 1212 quit,
207 1166 341 1200 contra
364 1174 474 1199 avem
498 1173 679 1211 magnam
701 1174 743 1200 se
767 1161 949 1200 defendet
973 1161 1038 1212 qui
1064 1161 1160 1199 mihi
1178 1161 1306 1200 avium
1326 1161 1511 1200 minimae

86 1217 271 1256 resistere
290 1230 371 1256 non
389 1217 573 1261 audebat:
592 1217 689 1255 absit
703 1223 747 1256 ut
763 1217 879 1255 talem
899 1217 1063 1255 nobisin
1077 1217 1298 1268 principem
1311 1217 1510 1268 eligamus,

86 1274 153 1313 sed
183 1274 314 1325 potius
343 1274 512 1324 aliquem
535 1273 771 1324 sapientem,
800 1275 944 1312 fortem
967 1274 1113 1312 viribus
1147 1280 1185 1311 et
1207 1274 1392 1312 audacem
1413 1295 1420 1302 ·
1439 1274 1510 1312 As-

88 1342 206 1370 sensu
228 1342 319 1380 crgo
343 1330 519 1368 omnium
540 1330 719 1368 fecerunt
743 1330 913 1381 aquilam
937 1330 1008 1368 sibi
1030 1343 1177 1380 regem,
1203 1343 1320 1380 quam
1353 1330 1509 1379 dignam

85 1387 251 1438 imperio
264 1387 504 1438 judicabant,
538 1393 724 1437 tanquam
745 1393 893 1425 statura
915 1399 1136 1437 procerum,
1166 1392 1294 1425 rostro
1318 1392 1512 1425 armatum

87 1451 125 1482 et
147 1443 358 1494 unguibus,
380 1443 547 1494 probum
572 1450 706 1481 contra
724 1443 907 1482 incursus
925 1443 1099 1481 hostium
1119 1443 1380 1485 defensorem,
1395 1443 1512 1493 justi—

87 1501 324 1550 tiariumque
347 1501 489 1538 sortem
513 1505 550 1538 et
572 1499 752 1550 rigidum,
774 1512 817 1539 ac
839 1500 959 1545 victu,
992 1500 1064 1538 alvi
1085 1500 1333 1550 parsimonia,
1358 1506 1511 1550 tempe-

88 1562 231 1601 ratum,
255 1568 328 1595 uec
349 1556 498 1594 festivis
520 1555 665 1607 rapinis
688 1556 847 1607 proprio
870 1556 941 1594 sihi
963 1555 1138 1606 subjecto
1156 1556 1345 1594 infestum
1365 1577 1372 1584 ·
1389 1555 1512 1594 Simul

88 1613 232 1653 etenim
252 1613 412 1651 satiatus
430 1612 604 1663 pluribus
624 1612 762 1651 (liebus
781 1612 945 1664 jejunat.
970 1613 1097 1651 sciens
1116 1612 1346 1662 dignitatem
1365 1612 1508 1662 regiam

87 1682 167 1709 non
191 1670 326 1708 decere
349 1668 547 1707 continuis
570 1669 805 1720 populorum
831 1668 1097 1707 vexationibus
1120 1669 1350 1707 conculcari.

201 1726 284 1764 Hoc
313 1726 490 1776 exemplo
513 1725 675 1764 docetur
706 1725 815 1776 plebs
846 1727 998 1776 qualem
1024 1725 1229 1764 dominum
1258 1726 1316 1763 vel
1341 1725 1509 1776 judicem

88 1783 270 1827 electura,
291 1795 340 1820 ue
363 1782 550 1820 miserum
574 1782 753 1832 quemvis
777 1782 976 1820 hominem
998 1781 1124 1820 verbis
1143 1795 1380 1832 pomposum
1398 1793 1513 1832 prae-

90 1840 201 1884 ticiat,
225 1839 346 1877 immo
371 1839 486 1877 talem
511 1838 576 1889 qui
600 1838 741 1877 virtute
765 1840 885 1877 valeat
908 1838 1134 1889 iniquitates
1151 1839 1370 1889 irrumpere
1386 1844 1423 1876 et
1440 1838 1512 1875 lio-

89 1896 208 1935 stium
230 1895 439 1934 insultibus
462 1895 631 1934 obviare.

375 1999 440 2037 25.
504 1999 745 2037 ltt's'rltztts
778 1997 950 2045 EQt'l'M
985 1998 1224 2036 VENDENS.

202 2067 563 2117 Rusticus‘equum
598 2066 794 2117 quendam
828 2080 943 2117 quem
981 2067 1171 2105 nutrierat
1201 2066 1431 2104 venditurus
1465 2066 1509 2103 ad

89 2124 260 2175 pretium
283 2123 351 2161 XX
370 2124 585 2162 solidorum
608 2123 749 2161 taxavit
767 2144 773 2151 ·
794 2124 961 2169 Quidam
984 2135 1073 2161 vero
1096 2123 1245 2160 vicinus
1270 2122 1351 2172 ejus
1366 2134 1509 2172 equum

90 2180 242 2219 volebat
265 2192 417 2225 emere,
442 2181 507 2219 sed
533 2181 578 2218 dc
602 2180 726 2230 pretio
750 2180 893 2230 aliquid
920 2179 1096 2218 minuere
1120 2178 1298 2229 cupiebat
1323 2201 1329 2207 -
1356 2180 1509 2216 Conve—

90 2242 236 2276 nerunt
259 2237 416 2275 tandem
439 2237 478 2275 in
501 2237 573 2275 hoc
595 2237 699 2287 quod
723 2236 770 2274 de
793 2237 918 2286 pretio
942 2237 1031 2287 equi
1048 2243 1197 2274 starent
1215 2235 1374 2273 arbitrio
1395 2234 1509 2285 primi

91 2293 262 2331 hominis
285 2293 351 2343 qui
382 2293 436 2331 eis
467 2293 512 2332 ad
542 2295 670 2331 t'orum
695 2292 941 2331 venientibus
964 2292 1161 2331 obviaret·
1186 2292 1355 2341 Coutigit
1379 2297 1509 2328 autem

90 2350 193 2400 ipsos
216 2350 369 2388 cuidam
394 2350 600 2388 uiouoculo
624 2349 793 2393 obviare,
812 2350 877 2400 qui
897 2350 943 2387 de
962 2349 1050 2400 equi
1070 2349 1197 2387 valore
1215 2361 1281 2387 seu
1295 2348 1401 2398 justo
1420 2359 1508 2397 pre-

181 2497 252 2529 app.
272 2487 324 2517 24.
351 2486 441 2518 Rom.
462 2487 540 2518 Rob.
565 2490 613 2520 11»,
642 2486 746 2517 Marie
764 2487 803 2518 de
823 2487 950 2518 France
972 2486 1022 2516 22.
1050 2486 1201 2525 Legi-and
1221 2486 1251 2523 4,
1273 2485 1345 2514 217.

181 2543 253 2574 app.
273 2532 327 2563 25.
355 2532 444 2564 Rom.
466 2533 545 2564 Rob.
570 2533 618 2564 11.
670 2532 774 2563 Mai-ie
800 2532 850 2562 71.
903 2532 1054 2572 Legi-and
1080 2534 1111 2571 3,
1139 2530 1212 2563 120.
1264 2529 1431 2560 Zamliriui
1457 2530 1509 2560 -Η,

95 2576 243 2608 λεὲςάιιιιι
261 2578 336 2608 309.

166 2638 284 2664 Oeszerl·
294 2647 320 2671 ς,
343 2639 489 2666 Romulia-3
1237 2643 1245 2663 Ι

1544 775 1582 806 10

1545 1056 1582 1087 15

1540 1335 1582 1366 20

1541 1616 1583 1647 25

1538 1897 1581 1927 30

1529 2244 1580 2273 ¹:55>
