1659 2796
52 124 143 157 APP.
163 126 216 156 20.
1409 127 1460 162 ⁴35

50 233 222 267 seuntes,
245 227 291 264 ad
306 227 498 277 quandam
523 227 647 264 albam
672 227 823 277 spinam
844 234 1030 265 venerunt
1056 226 1127 265 sub
1150 238 1224 277 qua
1243 233 1461 276 pausantes.

47 284 162 322 simul
185 283 425 321 confabulari
449 291 661 333 «sumperunt
682 305 689 312 ·
714 283 824 321 Tunc
845 284 897 321 ait
920 290 1027 321 ratus
1053 284 1173 333 vulpi:
1198 282 1403 329 Quomodo
1427 290 1462 320 tv

49 340 247 379 defendes.
270 341 301 378 si
327 347 530 378 venatores
553 352 640 377 rum
665 340 823 377 ranibus
846 354 890 378 ex
913 340 1122 390 improviso
1146 337 1356 377 adessent?
1390 339 1461 376 lte-

48 397 224 446 spondit:
249 399 360 434 Artes
384 403 421 433 et
444 397 595 445 ingenia
622 397 739 434 multa
765 397 869 434 novi:
893 397 1052 447 insuper
1075 404 1111 435 et
1130 396 1284 446 plenum
1305 395 1463 433 cautelis

47 453 313 503 spiritualibus
336 453 530 491 sarculum
556 465 709 491 merum
733 459 857 503 porto.
881 453 1023 503 quibus
1047 466 1107 491 me
1132 459 1241 491 tuear
1263 452 1300 490 iu
1325 452 1462 489 adver-

48 510 126 548 sis·
149 510 233 548 Non
258 509 427 560 expedit.
452 509 578 560 iuquit
600 516 719 548 ratus.
746 509 810 547 tibi
840 510 1000 547 ulterius
1023 509 1224 547 sociari...
1257 509 1321 559 qui
1346 521 1463 546 unam

48 568 169 606 solam
187 567 266 617 jam
285 574 404 604 artem
430 567 531 604 novi.
553 566 790 604 adscendere
813 566 958 604 scilieet
980 566 1017 604 iu
1038 566 1185 605 excelsa
1203 579 1280 616 quo
1298 565 1463 603 adscen-

51 625 142 663 deri¹
166 636 244 661 non
269 623 419 661 valeant.
450 624 582 660 hostes
614 623 689 660 mei
714 644 720 651 -
750 623 844 671 lpsis
876 623 1003 674 itaque
1035 622 1346 673 colloquentibus
1377 634 1464 659 ecca·

49 680 178 719 subito
201 686 401 718 venatores
425 692 512 717 cum
535 679 694 717 canibus
716 680 935 718 all'uerunt:
965 686 1049 717 catu
1081 686 1210 717 autem
1241 680 1280 716 in
1312 679 1462 729 spinam

51 737 230 776 celeriter
252 736 534 778 adscendente,
567 748 681 773 canes
706 736 870 774 insecuti
900 736 1108 774 renardum
1142 742 1351 786 coeperunt
1382 736 1463 785 ejus

51 793 239 844 pelliciam
264 792 459 830 morsibus
483 793 663 831 lacerare..
681 793 726 830 ad
747 805 861 843 quam
881 800 988 831 ratus
1006 794 1227 831 exclamans
1245 793 1313 830 ait:
1338 792 1464 830 Solve.

50 850 187 901 iuquit,
211 850 314 887 solve
338 849 533 887 sarculum
558 849 792 895 cautelarum
817 856 853 886 et
876 849 997 887 rautis
1019 849 1179 888 astuciis
1213 855 1250 887 te
1275 848 1463 887 defende·

52 907 122 945 (Iui
143 906 352 944 renardus:
384 906 541 944 [nicam
566 912 689 944 artem
714 913 818 944 tuam
842 906 1024 944 omnibus
1053 907 1152 944 meis
1175 906 1330 944 astuciis
1361 917 1466 944 nunt·

54 963 306 1014 praeferrem.

166 1019 227 1057 Sic
246 1018 433 1067 routiugit
451 1019 677 1070 frequenter
694 1018 797 1069 quod
817 1018 900 1069 plus
921 1019 1076 1069 prodest
1093 1019 1132 1057 in
1150 1019 1289 1069 placito
1306 1019 1464 1057 unicum

51 1075 215 1114 verbum
238 1075 349 1126 probi
372 1076 539 1113 bominis
562 1081 597 1113 et
615 1075 771 1119 veracis,
797 1088 914 1126 quam
934 1076 1075 1114 multae
1094 1076 1279 1114 falsorum
1297 1075 1467 1115 fallaciae

51 1138 266 1170 tortuosae.

420 1187 484 1225 21.
547 1187 772 1226 SCRABRO
810 1188 872 1226 ET
903 1188 1100 1234 AQtTILA.

167 1244 334 1283 Scrabro
357 1244 513 1296 quidam
537 1244 584 1282 de
609 1244 758 1282 {imario
783 1245 915 1283 exiens
937 1252 1153 1289 saturatus,
1186 1245 1276 1283 vidit
1300 1245 1467 1296 aquilam

53 1301 93 1340 in
115 1301 190 1339 alto
215 1301 409 1339 volantem
431 1306 469 1338 et
491 1313 677 1351 magnum
706 1301 804 1339 aeris
833 1301 1002 1352 spatium
1032 1302 1073 1339 in
1102 1302 1256 1341 modico
1281 1302 1468 1352 temporis
1500 1320 1506 1325 ·

53 1357 179 1408 spatio
203 1364 497 1403 transeuntem3
519 1364 613 1396 tunc
634 1357 831 1408 propriam
855 1358 1072 1408 dedignans
1095 1358 1225 1398 vitam.
1250 1358 1365 1397 sociis
1387 1359 1469 1397 suis

53 1414 166 1453 dixit:
190 1413 290 1453 Ecce
311 1414 439 1465 aquila
460 1419 589 1452 rostro
612 1414 721 1452 ferox
743 1421 780 1452 et
803 1415 1012 1465 unguibus.
1036 1415 1148 1453 sortis
1166 1427 1342 1465 corpore,
1360 1416 1468 1454 velox

54 1470 136 1516 alis,
159 1483 247 1509 eum
270 1471 362 1514 vult,
385 1483 509 1522 usquo
530 1470 577 1509 ad
598 1470 723 1509 nubes
746 1471 949 1510 adscendit
973 1477 1011 1510 et
1032 1472 1078 1510 ad
1096 1472 1248 1510 libitum
1267 1472 1343 1509 ima
1360 1473 1470 1522 petit.

55 1527 134 1565 Nos
158 1539 248 1565 vero
271 1527 413 1565 misera
437 1534 599 1566 naturae
622 1527 845 1566 conditione.
869 1528 1064 1579 depressi.
1090 1541 1161 1566 nee
1185 1541 1273 1567 rum
1295 1529 1470 1567 animali-

55 1583 141 1628 bus,
165 1595 238 1622 nec
259 1596 348 1622 cum
371 1583 502 1622 avibus
525 1589 798 1634 computamur
822 1606 828 1613 ·
857 1585 991 1635 Aquila
1015 1596 1088 1623 nec
1110 1598 1202 1623 voce
1223 1585 1377 1624 suavior
1397 1598 1469 1624 nec
1503 1590 1512 1601 ‘

56 1640 185 1679 colore
207 1640 368 1678 nitidior
389 1652 451 1679 me
474 1639 603 1678 existit
622 1661 628 1668 ·
648 1639 862 1679 Fimarium
881 1642 928 1679 de
945 1647 1074 1680 cetero
1092 1654 1171 1680 nou
1191 1641 1366 1680 nutribo:
1386 1642 1474 1692 qui-

57 1696 166 1734 nimo
187 1697 408 1735 volucribus
432 1709 493 1735 me
516 1696 757 1747 conjungens
787 1710 876 1736 cum
899 1698 992 1748 ipsis
1017 1698 1160 1749 ubique
1184 1699 1346 1737 volitans
1377 1711 1472 1737 cou-

58 1753 240 1792 versabor
259 1773 266 1780 ·
283 1753 394 1791 Tune
422 1753 462 1791 in
485 1754 606 1792 altum
628 1765 668 1791 se
691 1754 830 1792 tollens
845 1785 853 1800 ‚
887 1766 1024 1793 canere
1048 1756 1175 1805 coepit
1196 1767 1354 1793 rumore
1380 1755 1474 1794 satis

61 1809 185 1861 turpi:
210 1815 247 1848 et
269 1810 362 1848 (lum
382 1810 494 1861 sequi
515 1809 681 1861 aquilam
705 1811 744 1848 iu
768 1811 1002 1849 sublimibus
1025 1812 1180 1852 nititur.
1203 1824 1337 1851 auram
1359 1824 1473 1863 aspe—

59 1866 205 1904 riorem
226 1878 308 1905 non
329 1867 540 1906 sustinens.
563 1866 696 1905 cecidit
720 1879 931 1906 concussus
955 1874 992 1906 et
1013 1869 1199 1907 attonitus
1228 1869 1342 1918 longe
1368 1875 1473 1908 extra

59 1923 254 1961 terminos
276 1929 473 1964 assuetos.
497 1924 562 1962 ubi
585 1926 686 1962 same
707 1924 930 1975 periclitans
952 1924 1006 1963 ait
1028 1925 1145 1963 tristis
1168 1925 1319 1964 animo:
1344 1925 1473 1963 Non..

61 1984 196 2017 utrum
214 1980 356 2018 vermis
373 1986 437 2018 aut
457 1980 623 2019 volueris
642 1987 855 2032 reputarer,
875 1982 967 2020 dum
985 1988 1078 2020 tunc
1095 1981 1142 2020 ad
1160 1983 1365 2034 antiquum
1382 1995 1475 2033 pos-

61 2047 145 2073 sem
170 2036 365 2074 timarium
388 2037 604 2087 pervenire.

176 2092 239 2131 Sic
261 2093 421 2144 superbi
443 2093 535 2132 dum
555 2106 597 2133 se
619 2101 943 2145 praesumptuose
965 2094 1132 2143 eliciant,
1152 2095 1370 2134 eliduntur:
1392 2107 1477 2134 am-

60 2146 153 2187 bitis
175 2161 331 2201 quoque
353 2150 530 2189 frustrati
552 2150 768 2189 commodis
791 2157 827 2189 et
850 2151 1047 2190 consuetis
1069 2152 1284 2202 privantur.

464 2229 530 2268 22.
583 2231 798 2269 MEDIt‘t’S
830 2230 894 2269 ET
924 2231 1076 2270 DIVES.

173 2283 345 2324 Medicus
378 2286 536 2337 quidam
566 2287 695 2326 divitis
724 2300 855 2326 curam
883 2300 1040 2338 gerens,
1075 2289 1205 2339 ipsum
1242 2289 1288 2327 (le
1318 2289 1476 2327 brachio

62 2339 220 2379 mittere
242 2342 472 2393 sanguinem
494 2343 599 2386 fecit,
628 2350 668 2383 ut
689 2350 779 2394 post
801 2345 959 2383 modum
988 2357 1059 2396 per
1080 2345 1364 2397 inspectionem
1385 2357 1477 2383 san-

156 2477 228 2510 app.
248 2468 302 2502 21.
327 2468 417 2501 Rom.
436 2469 515 2501 Rob.
537 2471 564 2501 7.
593 2469 698 2501 Marie
716 2470 768 2502 65.

62 2558 81 2589 b
106 2557 113 2564 ⁶
143 2524 223 2590 ‘agg
243 2514 294 2546 22.
320 2514 410 2546 Rom.
430 2514 510 2546 Rob.
531 2515 558 2547 S.
586 2514 733 2547 Nekdam
752 2516 827 2547 297.
854 2515 962 2548 Marie
979 2516 1032 2548 38.
1059 2516 1211 2558 Legraud
1229 2517 1259 2556 4,
1278 2517 1352 2550 215.
1379 2516 1476 2548 Zam-

85 2568 152 2589 rmi
216 2583 224 2590 .

1497 738 1536 769 10

1500 1027 1537 1058 15

1505 1878 1546 1909 :30

1478 2158 1545 2198 335
