1659 2774
174 126 227 164 50
1359 128 1462 162 Rom.
1486 131 1513 172 1,
1535 131 1584 163 17.

171 227 375 267 accidisset
398 250 405 257 ·
430 228 488 267 vel
515 229 607 279 quid
631 228 719 267 mali
740 229 921 267 euenisse
944 229 1115 280 quesiuit
1143 251 1150 259 ·
1170 233 1220 268 At
1241 230 1306 270 ubi
1333 238 1487 282 captum
1518 245 1584 271 co-

171 285 310 334 gnouit
341 307 348 314 ·
379 297 458 323 non
482 292 539 323 est
568 285 693 336 inquit
717 285 791 323 iam
823 285 927 336 quod
961 286 1128 325 timeas·
1160 287 1296 326 Parem
1325 289 1482 338 gratiam
1515 289 1584 327 tibi

170 341 331 380 reddam
354 353 432 379 non
454 342 664 380 immemor
693 341 868 380 beneficii
893 363 900 371 ·
924 342 1025 381 Dixit
1043 364 1050 371 ·
1068 349 1105 382 et
1136 355 1275 383 omnes
1296 351 1452 383 artuum
1484 345 1586 384 illius

169 398 355 448 ligaturas
377 398 539 436 lustrare
567 398 693 449 eoepit
717 419 723 426 ·
745 398 937 447 (Iognouit
959 399 1038 438 loca
1061 400 1233 439 rodenda
1253 423 1260 430 -
1279 402 1449 452 sumpsit
1476 400 1584 439 labo-

126 462 145 493 5
171 467 255 493 rem
279 454 356 492 oris
385 455 444 493 sni
468 476 475 483 ·
499 461 537 493 et
559 455 743 494 dentibus
766 467 911 494 neruos
934 456 1059 507 coepit
1092 469 1223 495 secare
1247 479 1255 486 ·
1279 465 1315 496 et
1339 459 1468 496 laxare
1492 458 1584 497 artis

170 511 273 549 illius
296 511 452 561 ingenia
472 533 479 540 ·
500 511 563 550 Sic
585 524 673 550 mus
696 512 848 550 leonem
873 519 1028 563 captum
1048 534 1054 541 ·
1074 513 1242 552 liberum
1260 515 1366 553 siluis
1384 514 1558 553 restituit
1576 535 1583 543 ·

170 567 301 606 Monet
323 567 394 616 hec
416 567 542 607 sabula
560 587 568 595 ·
604 581 652 608 ne
675 568 763 619 quis
782 569 965 607 minimos
988 569 1105 608 ledat.

174 670 236 711 18.
293 671 374 718 Qu
418 671 611 710 seneen
656 671 982 710 nmspnssmr
1022 694 1029 702 ·
1071 673 1118 711 ix
1168 673 1414 712 ,ixevsru
1469 673 1585 720 Quo

312 726 781 767 ROGAT?x·1nEAMvs
805 729 1005 776 ommni
1029 729 1091 767 1113
1122 729 1219 769 noe
1242 730 1441 769 Averon

99 802 144 835 10
635 785 852 824 svssffieir
875 785 1114 824 Fanum

282 857 424 898 Miluus
455 871 544 898 eum
575 865 767 909 egrotaret
797 881 803 888 ·
837 866 873 898 et
910 860 1043 898 multis
1076 860 1275 899 mensibus
1303 861 1449 899 iaceret
1479 881 1487 889 ·
1515 873 1586 899 nec

168 927 280 966 spem
310 915 391 964 uite
413 928 494 954 sua:
518 916 668 954 uideret
689 915 765 954 iam
788 929 873 955 esse
898 938 905 945 ·
930 923 1094 955 matrem
1119 929 1206 955 eum
1231 917 1400 955 lacrimis
1422 917 1587 967 rogabat

166 977 211 1010 ut
232 978 363 1011 saneta
386 972 468 1011 loca
491 973 715 1011 circumiret
738 995 745 1002 ·
770 979 807 1011 et
827 986 897 1024 pro
921 974 1044 1012 salute
1066 973 1167 1011 illius
1198 980 1288 1012 uota
1316 986 1458 1025 magna
1490 987 1585 1025 pro-

165 1028 341 1067 mitteret
364 1050 370 1057 ·
394 1029 546 1068 Faciam
578 1029 712 1080 inquid
737 1031 838 1081 quod
864 1029 923 1068 uis
946 1030 998 1068 fili
1021 1052 1028 1059 ·
1055 1030 1122 1068 sed
1151 1043 1290 1069 uereor
1319 1043 1366 1069 ne
1396 1043 1477 1069 non
1508 1031 1587 1068 im—

100 1088 140 1121 15
166 1091 319 1136 petrem
344 1107 350 1114 ·
376 1085 471 1124 Illud
495 1085 599 1124 enim
631 1098 769 1124 uereor
791 1093 881 1125 nate
904 1092 939 1125 et
965 1087 1222 1125 uehementer
1250 1088 1369 1125 timeo
1394 1109 1401 1116 ·
1425 1087 1585 1138 quando

166 1142 297 1180 omnia
319 1142 479 1181 delubra
507 1143 668 1181 uastasti
691 1164 697 1171 -
723 1149 761 1181 et
783 1150 919 1182 cuncta
948 1144 1119 1194 polluisti
1150 1144 1282 1183 altaria
1307 1165 1314 1172 ·
1339 1155 1410 1182 nee
1441 1157 1584 1195 peper-

166 1198 254 1238 cisti
271 1199 494 1238 saerificiis·
531 1212 636 1238 nunc
658 1199 749 1250 quid
773 1200 831 1238 nis
855 1205 897 1239 ut
919 1198 1057 1239 orem?
1078 1200 1245 1239 Audiam
1268 1201 1362 1239 haee
1384 1201 1450 1251 qui
1473 1213 1583 1239 com-

167 1255 286 1294 misso
311 1256 411 1294 malo
428 1257 574 1295 audent
590 1256 630 1295 in
649 1257 762 1295 malis
787 1257 867 1295 suis
885 1257 965 1295 lora
985 1263 1116 1295 saneta
1140 1257 1345 1296 circumire
1377 1257 1584 1296 maculati·

168 1312 246 1351 Sed
275 1314 400 1352 faeere
430 1312 611 1352 manibus
640 1319 677 1352 et
704 1314 878 1352 laborare
907 1313 1079 1353 dehent·
1116 1320 1157 1352 ut
1178 1314 1277 1352 faeta
1315 1326 1450 1353 eorum
1484 1314 1586 1353 mala

99 1377 142 1409 20
168 1369 383 1408 deleantur.

172 1460 234 1500 19.
277 1461 357 1508 Qvi
380 1462 481 1500 NON
504 1462 651 1500 Avan
674 1462 843 1500 BONVM
867 1462 1136 1501 CONSlel
1160 1484 1167 1491 ·
1187 1462 1234 1500 IN
1259 1462 1317 1500 SE
1347 1462 1586 1501 INVENIET

403 1518 575 1557 MALVM
600 1541 607 1548 -
631 1519 693 1557 VT
716 1519 845 1557 HAEC
866 1519 1127 1557 APPROBAT
1150 1518 1352 1557 FABVLA.

282 1593 417 1645 Spargi
441 1598 479 1631 et
499 1592 597 1632 arari
619 1593 687 1631 lini
709 1606 844 1633 semen
873 1606 964 1632 aues
987 1606 1124 1631 omnes
1155 1606 1242 1632 cum
1274 1593 1453 1632 uiderent
1479 1615 1486 1622 ·
1512 1606 1585 1645 pro

167 1650 290 1690 nihilo
308 1651 381 1689 hoc
397 1649 633 1689 hahuerunt.
664 1650 840 1689 Hirundo
859 1657 987 1689 autem
1007 1650 1079 1688 hoe
1096 1650 1283 1689 intellexit
1301 1657 1338 1689 et
1355 1650 1584 1689 conuocatis

97 1720 139 1753 25
167 1708 307 1747 auibus
338 1729 345 1736 ·
378 1706 512 1745 retulit
548 1707 731 1745 omnibus
767 1720 852 1745 esse
889 1707 1034 1745 malum
1066 1728 1073 1736 ·
1106 1706 1251 1746 Omnes
1288 1707 1586 1745 dissimulantes

165 1765 364 1804 riserunt·
383 1763 529 1801 Deinde
547 1769 589 1802 ut
605 1764 854 1803 fructilicauit
873 1785 880 1792 ·
900 1764 1040 1802 iterum
1060 1763 1228 1802 hirundo
1247 1763 1298 1803 ait
1315 1764 1387 1802 illis
1412 1786 1419 1793 ·
1440 1764 1585 1802 Malum

166 1828 226 1860 est
247 1822 321 1860 hoe
345 1839 352 1847 ·
372 1821 504 1859 uenite
527 1832 710 1859 eruamus
732 1821 822 1859 illud
848 1842 854 1849 ·
875 1821 969 1859 Nam
993 1833 1081 1859 611111
1105 1821 1271 1859 creuerit
1296 1841 1303 1848 ·
1323 1821 1417 1859 retia
1441 1820 1586 1859 facient

167 1878 325 1917 exinde
354 1878 538 1916 humanis
571 1878 718 1916 artibus
748 1877 890 1929 quihus
922 1878 1004 1928 capi
1033 1877 1228 1928 possimus
1253 1899 1259 1906 -
1285 1877 1433 1916 Omnes
1464 1876 1584 1915 uerba

167 1934 390 1974 hirundinis
420 1934 642 1973 deriserunt
665 1956 672 1963 ·
697 1935 858 1985 eiusque
885 1941 1117 1986 respuentes
1140 1934 1346 1972 consilium
1377 1939 1585 1984 contemp-

262 2076 290 2107 1.
310 2074 473 2113 euenisse]
494 2073 662 2105 euenisset
680 2074 713 2105 B.
733 2092 774 2096 ——
793 2074 847 2113 At]
868 2072 940 2104 Mus
961 2073 994 2104 C.

261 2119 358 2150 1-2,
379 2119 547 2158 cognouit]
569 2119 703 2157 agnouit
721 2120 769 2151 ait
788 2120 821 2150 (Ι.
842 2138 883 2141 -
903 2119 1009 2160 inquit
1023 2117 1104 2159 jam]
1123 2116 1207 2149 fehlt
1227 2116 1260 2149 C.

259 2165 290 2196 2.
309 2165 440 2204 timeas]
463 2165 594 2195 timeam
609 2165 648 2197 Α.
665 2165 696 2195 B.
718 2165 837 2196 timeas
860 2164 973 2205 inquid
999 2164 1032 2195 C.

260 2212 289 2242 3.
310 2210 455 2249 reddam]
475 2210 561 2241 steht
578 2220 638 2241 vot·
651 2221 762 2252 parem
779 2210 812 2241 C.
830 2210 1023 2249 —artuum]
1043 2211 1128 2241 artis
1148 2210 1181 2241 C.

259 2257 290 2288 4.
310 2255 430 2297 coepit]
450 2255 539 2296 capit
559 2254 590 2285 B.

259 2302 359 2333 4—5.
386 2300 552 2340 Cognouit
569 2318 612 2322 —
630 2301 698 2332 oris
717 2302 780 2340 suil¹
801 2300 1063 2343 entsprechendc
1081 2300 1182 2331 stelle
1201 2298 1372 2330 ausradirt
1390 2299 1425 2330 C.

261 2348 290 2378 5.
310 2346 420 2388 coepit
439 2346 565 2385 secare]
587 2346 727 2377 secando
748 2347 839 2377 laxat
858 2345 890 2377 C.

261 2395 291 2423 (j.
312 2392 420 2431 illius]
440 2390 523 2422 fehlt
542 2392 575 2422 (j.

261 2437 290 2468 7.
324 2437 438 2469 Monet
451 2455 463 2459 -
476 2436 589 2476 ledat]
633 2435 707 2467 Ideo
745 2437 904 2479 scriptum
943 2440 992 2467 est
1031 2436 1199 2467 minimum
1230 2446 1268 2466 116
1298 2439 1500 2467 contemnas.
1541 2453 1583 2457 -

169 2481 376 2514 EXPLICIT
396 2481 547 2513 AESol’l
568 2481 831 2515 FABI‘LARI'NI
853 2481 976 2513 Llssssss
995 2481 1031 2514 ll.
1050 2483 1084 2521 C,
1111 2481 1169 2513 aul*
1185 2481 1295 2512 vielen
1315 2490 1466 2513 rasuren.

260 2527 283 2567 1,
308 2529 369 2567 15]
390 2527 473 2559 fehlt
493 2526 526 2558 C.
555 2527 649 2558 Pauli
671 2527 744 2559 258.

261 2573 283 2614 1,
308 2574 356 2612 1111
377 2573 507 2605 l'ehltC.
536 2570 709 2612 liirchhof,
731 2573 761 2613 Τ,
783 2574 853 2605 114.
