1659 2774
67 814 79 844 1
86 816 105 843 O

69 1107 106 1137 15

68 1960 110 1987 30

70 2246 111 2276 :55

138 123 215 163 120
1376 121 1469 156 ΑΡΡ.
1489 123 1545 157 71.

133 226 180 264 Et
202 226 253 264 ait
273 225 431 275 gallina:
462 225 561 264 Fieri
586 236 668 264 non
690 230 830 276 potest,
861 230 903 263 ut
925 237 1069 264 munus
1093 232 1203 265 tuum
1227 238 1311 264 mea
1334 225 1544 277 cupiditate

133 282 182 321 sit
205 283 339 322 dicius.
367 282 455 333 quia
479 282 510 320 si
533 283 632 321 duos
655 282 749 321 mihi
771 282 811 321 in
834 282 893 320 die
916 281 1069 322 modios
1102 283 1228 323 dares.
1260 283 1386 322 adhuc
1412 288 1544 322 tamen

134 340 309 391 cupirem
326 346 365 378 et
375 346 518 378 terram
532 339 743 391 scalperem
757 360 764 367 ·
776 340 810 378 M
822 339 1038 378 oralitas.
1056 339 1199 379 Natura
1217 339 1373 391 quidem
1392 338 1545 378 modico

134 403 319 436 contenta
337 403 407 441 est,
426 397 615 447 cupiditas
633 402 764 434 autem
783 395 948 434 saturari
968 408 1048 435 non
1067 402 1194 448 potest
1214 417 1221 424 ·
1242 396 1351 435 Unde
1368 395 1547 448 quidam:

135 454 251 493 Sume
274 453 404 492 cibum
428 454 592 497 modice,
616 453 767 491 medico
791 465 852 491 me
875 455 1038 491 fovetur.

163 569 227 607 72.
288 569 534 616 QUOMODO
568 569 711 607 t‘lNEA
745 569 926 608 DEBUIT
957 569 1189 608 REGNARE
1226 568 1517 608 ARBORlBUS.

246 637 414 676 Arbores
437 639 620 677 silvarum
639 638 678 676 in
704 651 828 677 unum
847 638 1083 678 conveniunt
1100 639 1228 677 locum
1252 644 1289 677 et
1306 638 1352 677 de
1369 650 1458 689 rege
1474 638 1548 678 sibi

135 695 412 733 constituendo
442 702 707 733 tractaverunt
737 717 743 724 ·
777 695 961 733 liminens
984 708 1075 746 ergo
1097 695 1263 746 quedam
1294 702 1333 734 et
1353 695 1479 746 ampla
1500 695 1548 734 de

134 751 434 802 sapientissimis
467 758 508 790 ut
529 764 618 790 reor
650 765 725 790 una
751 752 899 791 vineam
930 753 1042 803 elegit
1071 752 1110 790 in
1140 763 1269 801 regem
1301 774 1307 782 ·
1339 752 1415 791 Sed
1439 752 1549 791 vinea

134 809 278 847 renuit.
302 809 434 847 dicens
456 821 498 847 se
520 821 680 857 regnare
705 821 783 847 non
807 822 920 860 posse
937 824 982 847 co
1000 809 1101 861 quod
1122 816 1227 847 esset
1244 809 1379 847 debilis
1399 813 1437 847 et
1453 808 1550 847 nihil

135 878 204 916 per
225 878 267 905 se
289 866 416 904 facere
440 872 565 917 posset
588 866 673 904 sine
696 866 985 905 sustentacione
1019 888 1025 895 ·
1060 866 1271 916 Elegerunt
1301 877 1390 916 ergo
1414 865 1549 904 aebam

134 922 300 974 spinam.
324 923 498 961 dicentes
521 923 623 974 quod
648 922 747 961 benc
769 923 923 962 deceret
946 923 1070 974 ipsam
1094 935 1179 961 esse
1200 934 1348 973 regem,
1371 922 1459 973 quia
1484 934 1550 960 va—

135 979 210 1018 lida
232 986 336 1018 esset
359 987 397 1019 et
420 980 599 1031 pulchra:
632 980 707 1018 Sed
732 992 805 1018 nec
827 979 907 1030 ipsa
930 979 1219 1031 attemptaverit
1241 980 1454 1023 affirmans,
1477 979 1551 1018 hoc

136 1048 217 1075 non
239 1037 378 1075 debere
402 1037 496 1082 lieri,
526 1049 614 1075 611111
647 1036 730 1087 ipsa
762 1038 932 1075 fructum
965 1049 1044 1075 11011
1067 1039 1208 1075 faceret
1239 1057 1246 1065 ·
1276 1036 1323 1075 Et
1345 1036 1397 1074 ita
1419 1035 1548 1086 plures

137 1099 229 1132 sunt
251 1094 385 1139 electe,
419 1094 485 1132 sed
510 1093 682 1144 quelibet
704 1093 998 1132 excusacionem
1028 1093 1186 1136 invenit,
1218 1105 1337 1144 quare
1366 1093 1441 1131 hoc
1468 1091 1552 1132 fieri

136 1162 217 1189 non
241 1151 394 1190 deceret
450 1150 535 1188 Non
559 1151 715 1190 inventa
737 1151 852 1199 igitur
874 1150 1010 1201 aliqua,
1033 1163 1108 1201 que
1130 1162 1198 1188 rex
1219 1162 1305 1188 6556
1327 1149 1453 1190 vellet,
1476 1161 1553 1188 una

137 1220 253 1258 quam
277 1220 482 1258 genescem
506 1207 734 1248 nominavit,
765 1219 883 1259 super
915 1208 1032 1258 pedes
1065 1220 1106 1245 se
1127 1207 1280 1257 erigens
1303 1206 1448 1245 dixisse
1470 1206 1551 1245 fer-

138 1270 221 1302 tur:
246 1265 360 1303 Michi
384 1271 581 1315 sceptrum
606 1264 743 1302 merito
765 1265 1058 1310 concederetur,
1082 1263 1170 1315 quia
1193 1275 1357 1314 regnum
1380 1263 1493 1314 cupio
1516 1268 1553 1301 et

136 1333 203 1360 rex
225 1334 309 1360 esse
331 1322 454 1360 debeo
479 1343 486 1350 ·
511 1322 642 1360 Genus
666 1321 770 1359 enim
794 1333 925 1359 meum
949 1321 1216 1359 dulcissimum
1249 1327 1308 1358 est
1330 1326 1367 1359 et
1389 1319 1521 1359 nobile
1543 1341 1551 1349 ·

138 1378 207 1417 Cui
229 1385 356 1417 cetere
379 1378 665 1430 respondentes
689 1378 891 1417 dixerunt:
916 1378 957 1416 ln
981 1378 1088 1416 omni
1110 1377 1304 1427 lignorum
1327 1389 1470 1426 genere
1494 1375 1553 1414 vi—

135 1435 272 1474 liorem
295 1442 334 1474 et
356 1434 625 1486 pauperiorem
650 1446 730 1472 non
753 1435 898 1473 scimus
922 1457 928 1464 ·
953 1435 1001 1472 lit
1017 1435 1067 1473 ait
1085 1434 1164 1472 illa:
1184 1434 1225 1472 Si
1244 1445 1313 1483 ego
1332 1445 1412 1472 non
1429 1433 1551 1478 fuero,

137 1504 352 1543 numquam
376 1492 478 1531 illam
502 1504 616 1542 quam
643 1492 833 1542 elegeritis
857 1491 1076 1537 honorabo,
1107 1502 1178 1528 nec
1207 1503 1273 1528 cos
1305 1490 1457 1539 diligam
1488 1489 1554 1541 qui

137 1549 252 1588 alium
277 1562 395 1600 quam
418 1561 481 1587 me
503 1549 741 1587 constituant
765 1570 772 1577 ·
796 1549 841 1586 Et
866 1548 1051 1586 dixerunt
1074 1547 1107 1585 ci
1131 1546 1308 1585 arbores:
1338 1546 1438 1592 Quid
1463 1558 1552 1596 ergo

137 1606 251 1645 nobis
274 1610 399 1645 facere
421 1605 581 1657 poteris,
606 1605 636 1643 si
659 1606 716 1643 vel
735 1618 864 1655 regem
888 1611 1069 1643 nostruin
1090 1604 1146 1642 vel
1166 1616 1237 1642 nos
1256 1614 1335 1642 non
1352 1600 1554 1654 diligeris?

138 1664 201 1702 llla
226 1675 316 1714 ergo
337 1663 583 1714 respondens
605 1662 674 1700 ait:
699 1662 805 1701 Licet
827 1675 896 1713 ego
921 1662 1049 1700 videar
1067 1660 1172 1699 vobis
1191 1660 1288 1706 vilis,
1309 1666 1442 1699 tamen
1460 1659 1553 1698 illud

138 1732 217 1759 non
230 1721 359 1771 ipsum
370 1721 556 1771 perlicere
568 1732 724 1770 possum
737 1719 840 1770 quod
853 1719 1110 1770 cogitaveram
1129 1718 1255 1756 facere
1271 1717 1302 1755 si
1319 1729 1386 1755 rex
1405 1729 1530 1756 essem
1543 1737 1552 1746 ·

137 1778 185 1816 Et
206 1777 499 1828 interrogabant
521 1789 606 1815 eam
630 1789 766 1815 omnes
790 1776 883 1827 quid
907 1776 980 1815 11116
1002 1781 1103 1814 esset
1158 1775 1306 1821 Quibus
1329 1773 1411 1825 ipsa
1433 1773 1529 1812 dixit

137 1834 216 1885 Ego
240 1835 497 1885 cogitaveram
522 1834 648 1872 facere
671 1834 773 1885 quod
797 1833 899 1871 nulla
923 1832 1037 1871 arbor
1059 1844 1132 1883 que
1158 1831 1297 1870 subtus
1327 1844 1389 1869 me
1421 1835 1554 1875 staret,

137 1892 302 1942 amplius
320 1897 513 1930 cresceret.
533 1891 743 1929 -Credibile
761 1891 853 1928 satis
878 1896 946 1929 est.
972 1889 1155 1928 dixerunt
1177 1888 1261 1933 alie,
1286 1888 1389 1939 quod
1408 1888 1554 1926 faceres

142 1949 254 1987 nobis
276 1949 307 1987 51
329 1961 395 1987 rex
420 1961 527 1986 esses
550 1954 584 1986 et
607 1954 749 2000 potens
769 1970 776 1976 ·
816 1948 915 1994 Quid
940 1960 1030 1997 ergo
1054 1946 1271 1984 faciendum
1296 1945 1443 1983 iudicas
1465 1957 1553 1983 611111

140 2018 211 2044 nos
234 2006 354 2044 simus
378 2014 412 2043 te
436 2003 653 2043 forciores?
683 2005 747 2043 llla
769 2011 900 2043 autem
924 2016 1003 2042 non
1026 2003 1227 2054 respondit
1248 2002 1294 2041 ad
1318 2003 1556 2052 interrogata

139 2063 206 2102 sed
230 2063 300 2101 ait:
324 2062 438 2101 Modo
457 2062 557 2113 quod
582 2073 662 2101 non
682 2063 787 2100 valeo
806 2075 871 2099 vos
889 2062 1018 2099 ledere
1036 2060 1120 2099 sine
1138 2060 1308 2110 dampno
1328 2071 1434 2104 1116ος
1457 2065 1555 2097 atta-

141 2133 230 2159 men
260 2133 335 2171 que
364 2119 526 2170 cogitavi
557 2120 709 2170 explere
740 2119 943 2170 complebo
974 2121 1100 2156 facere
1129 2117 1167 2155 in
1191 2129 1306 2167 quam
1331 2127 1489 2167 possum
1513 2121 1556 2153 ut

141 2177 256 2216 herba
282 2179 338 2215 vel
361 2178 474 2216 arbor
497 2189 570 2227 que
592 2176 730 2215 subtus
754 2189 814 2214 me
838 2182 894 2214 est
919 2187 996 2214 non
1019 2179 1167 2213 crescat
1197 2180 1234 2212 et
1257 2186 1331 2225 que
1354 2185 1470 2224 supra
1492 2184 1555 2210 me

142 2243 200 2274 est
221 2236 366 2273 aretiat.
391 2234 456 2272 5611
481 2240 520 2271 ut
546 2234 616 2271 11116
641 2235 703 2272 liat
726 2246 886 2272 11666556
912 2239 948 2271 ut
974 2232 1055 2283 ipse
1078 2232 1255 2269 ardeam·
1278 2230 1445 2281 {deoque
1466 2241 1553 2268 611111

141 2293 248 2331 01111ιί
271 2291 525 2341 congracione
549 2303 623 2341 quc
656 2291 749 2328 mibi
782 2290 902 2328 vicina
934 2296 991 2328 est
1021 2288 1197 2327 comburi
1221 2288 1304 2325 volo
1337 2293 1379 2325 ut
1403 2298 1554 2325 mecum

141 2350 302 2389 ardeant
327 2349 385 2387 ille
410 2361 484 2399 que
508 2348 657 2385 1111111165
682 2348 824 2386 faciunt
846 2353 881 2385 et
906 2358 1067 2398 magnos
1097 2346 1245 2384 fructus
1269 2366 1275 2373 ·
1299 2343 1554 2382 Moralitas.

143 2407 206 2446 Sic
228 2412 319 2445 sunt
344 2405 409 2457 qui
433 2404 539 2444 1113115
563 2405 806 2443 delectantur
828 2411 864 2442 et
881 2404 1031 2455 seipsos
1050 2415 1205 2454 quoque
1223 2407 1394 2453 gravant,
1414 2407 1456 2439 ut
1474 2399 1555 2439 aliis

143 2476 283 2503 nocere
306 2462 469 2515 possint.

234 2590 304 2621 app.
325 2580 377 2612 72.
403 2577 480 2612 Cod.
500 2577 647 2617 Gotting.
668 2576 739 2609 133.
760 2576 841 2608 Odo.
863 2576 892 2608 1.
918 2575 1018 2608 Iudic.
1039 2577 1069 2616 9,
1088 2575 1208 2608 8-15.
