1659 2796
65 120 168 154 Rom.
188 121 251 160 152.
1415 125 1467 163 43

62 229 181 262 staret
199 223 288 274 lupo
307 223 535 262 medicinam
555 244 563 253 ·
579 223 616 261 ld
635 223 774 273 egisset
793 231 833 262 ut
852 224 1020 262 minc-ret
1038 230 1151 275 caput
1195 230 1231 263 et
1250 226 1469 263 extraheret

65 280 207 318 malum
232 279 277 317 (le
300 280 473 318 faucibus
491 300 499 309 ·
515 280 642 318 Sanus
665 292 751 318 cnm
776 288 878 319 esset
901 282 1013 330 lupus
1033 301 1040 309 ·
1064 281 1221 331 rogabat
1241 281 1345 330 gruis
1368 283 1467 332 peti-

62 342 166 375 tores
189 335 296 374 reddi
319 336 390 374 sibi
414 336 603 387 promissa
626 337 769 387 premia
789 357 798 365 ·
817 343 854 375 et
878 338 990 387 lupus
1006 357 1015 366 ·
1035 337 1175 375 «licitur
1201 336 1344 375 dixisse
1371 359 1379 367 ·
1405 338 1469 375 ln-

63 398 166 441 grata
206 399 261 431 est
299 392 360 430 illa
391 393 495 443 gruis
525 405 598 443 quq
627 400 739 443 eaput
771 394 962 431 incolume
992 394 1153 431 extulit·
1174 404 1254 431 non
1286 401 1466 432 uexatum

64 449 179 487 (lento
212 455 347 487 nostro
385 455 420 486 vt
455 450 671 487 mercedem
702 449 773 487 sibi
805 450 1007 500 postulat·
1033 452 1063 487 (γ)
1094 451 1132 488 in
1157 450 1340 488 iniuriam
1374 451 1467 488 ineis

63 505 274 544 uirtutibus
299 525 307 534 -
335 505 519 544 l'araliola
551 505 620 554 hoc
653 506 736 544 illos
768 512 930 544 monet·
957 506 1021 556 qui
1052 507 1191 545 uolunt
1218 507 1316 545 liene
1347 508 1469 545 facere

65 561 188 599 malis.

64 689 101 727 9.
114 688 306 727 BLANDA
317 689 473 727 VERBA
486 689 689 728 HOMINIS
702 689 816 727 MAL!
831 689 1246 727 «;Ιι.-1ιἘ51-·Α(;ΙΥΝΤ
1261 690 1470 728 lxlxmAS

84 791 93 800 ·
116 770 240 818 QVAS
264 770 323 808 VT
347 770 513 808 oMNES
536 770 748 808 vlTffllvs
773 770 996 808 Sl'BlECTl
1020 769 1203 808 VERSYS
1228 770 1443 808 MoNENT.

173 880 285 919 Canis
308 880 525 931 parturiens
544 879 700 930 rogabat
728 880 884 918 alteram
902 887 944 918 ut
962 880 1001 918 in
1019 880 1101 918 eius
1120 880 1244 918 cubile
1262 884 1473 930 exponeret

66 938 291 975 foetum-At
311 937 370 974 illa
387 937 540 985 roganti
559 937 749 975 concessit
767 937 985 987 ingressum
1005 958 1014 966 ·
1034 938 1130 974 Cum
1149 949 1241 974 uero
1260 942 1473 987 exponeret

65 1000 221 1045 partum
241 1014 249 1023 ·
270 993 409 1031 deinde
434 993 574 1031 iterum
597 993 753 1043 rogabat
777 1001 817 1032 ut
847 1007 934 1032 cuin
968 993 1104 1031 catulis
1135 993 1215 1031 suis
1247 994 1319 1031 iani
1350 992 1471 1030 lirinis

67 1050 186 1088 exiret
207 1069 216 1079 ·
236 1050 296 1088 illa
318 1050 471 1099 roganti
494 1062 572 1088 non
596 1050 788 1088 concessit
806 1071 815 1080 ·
836 1050 952 1088 Paulo
971 1057 1055 1101 post
1072 1057 1248 1100 tempore
1267 1051 1326 1088 illa
1346 1049 1473 1099 coepit

67 1106 193 1145 cubile
215 1118 331 1144 suum
353 1112 528 1156 repetere
543 1128 551 1136 ·
565 1114 601 1145 et
623 1118 759 1156 coge-re
783 1108 881 1145 illam
901 1107 1066 1156 migrare
1081 1128 1089 1135 ·
1104 1113 1139 1145 et
1158 1106 1217 1144 illa
1236 1120 1254 1145 a
1273 1105 1473 1144 stomacho

65 1163 118 1201 ait
134 1183 143 1192 ·
162 1162 262 1209 Quid
285 1168 323 1200 te
345 1162 479 1201 turbes
502 1176 589 1201 cum
622 1161 793 1201 iniuria?
828 1164 865 1201 Si
898 1163 990 1201 inihi
1019 1170 1055 1201 et
1085 1162 1196 1210 turbo
1228 1163 1398 1201 occurris
1423 1161 1470 1211 [2]

68 1225 133 1258 aut
156 1220 187 1258 si
211 1231 250 1257 es
273 1219 411 1257 fortior
440 1219 553 1257 nobis
585 1220 741 1258 reddam
773 1220 898 1257 locum
931 1219 999 1258 tihi
1023 1250 1030 1256 .
1053 1219 1272 1270 Aliquando
1301 1219 1392 1258 honi
1421 1218 1474 1257 sic

68 1275 256 1315 amittunt
278 1288 347 1314 sua
369 1276 435 1327 qni
457 1276 623 1315 credunt
646 1276 728 1314 aliis
750 1288 819 1327 per
842 1276 978 1314 blanda
1002 1276 1133 1314 uerba.

163 1465 190 1495 1.
217 1462 250 1495 Id
269 1463 403 1503 egisset]
425 1461 471 1494 lta
492 1461 572 1493 fecit
589 1472 669 1502 grus
688 1463 722 1493 C.

161 1508 191 1539 2.
217 1508 339 1539 malum
361 1508 401 1538 de
425 1506 588 1547 saucibus]
616 1508 653 1538 de
678 1505 828 1538 saucibus
852 1506 971 1537 malum
999 1507 1031 1537 C.
1052 1524 1093 1528 —
1113 1508 1212 1546 esset]
1239 1505 1357 1538 fuisset
1384 1506 1418 1537 C.
1437 1524 1479 1528 —

69 1553 219 1595 rogabat]
239 1552 429 1595 postulabat
448 1554 482 1584 C.
501 1552 560 1583 auf
575 1563 683 1584 rasur.
701 1571 742 1575 —
761 1552 865 1591 gruis]
885 1561 964 1591 grus
983 1554 1017 1589 C,
1036 1562 1095 1582 aus
1113 1551 1206 1591 gruis
1226 1551 1396 1591 corrigirt.

161 1600 260 1630 2—3.
287 1598 640 1640 petitores-premia]
662 1598 727 1629 sibi
747 1597 909 1639 promissa
937 1597 1096 1638 (praemia
1116 1596 1297 1637 eiugefiigt)
1328 1596 1420 1628 reddi
1445 1596 1480 1627 C.

162 1646 192 1676 3.
219 1643 440 1683 et—dixisse]
461 1642 552 1674 Tunc
572 1643 667 1685 lupus
687 1643 771 1675 dicit
789 1644 823 1675 C.

160 1690 192 1722 4.
221 1694 273 1721 est
290 1689 362 1728 illa]
388 1698 422 1719 es
450 1690 484 1720 C.
503 1707 545 1711 -—
563 1689 668 1728 gruis]
691 1699 771 1729 grus
791 1690 823 1728 C,
849 1697 907 1719 aus
932 1687 1026 1727 gruis
1049 1687 1223 1727 corrigit-t.
1243 1706 1284 1709 —
1303 1687 1477 1725 incolume]

72 1745 131 1767 aus
161 1735 195 1766 iu
225 1734 313 1766 collo
331 1744 402 1766 meo
422 1745 509 1765 corr.
529 1733 563 1765 C.
583 1752 625 1756 -—
644 1734 778 1773 extulit]
799 1732 955 1765 extulisti
973 1734 1006 1764 C.
1026 1751 1067 1754 —
1084 1733 1252 1771 uexatum]
1273 1742 1332 1763 aus
1356 1735 1479 1763 uexato

71 1780 234 1820 corrigirt
253 1780 287 1811 C.

163 1827 192 1856 ὃ.
216 1824 401 1857 mercedem
420 1824 580 1866 postulat]
601 1835 684 1855 nunc
704 1823 886 1855 mercedem
907 1823 1086 1864 postulasti
1105 1824 1138 1854 C.

162 1870 260 1902 5—7.
288 1869 469 1910 0—malis]
496 1869 581 1901 Haec
606 1870 654 1900 ita
681 1870 854 1911 patiuntur
880 1869 934 1910 qui
959 1869 1062 1899 malos
1088 1872 1159 1907 (aus
1185 1867 1280 1899 malis
1305 1867 1481 1907 corrigirtl

71 1915 219 1947 liberant
237 1915 270 1946 C.

160 1960 184 2001 l,
202 1961 233 2000 9]
252 1960 275 2000 l,
297 1961 346 1992 10.
363 1960 397 1992 C.
432 1960 569 1992 Phaedr.
593 1960 618 1997 1,
642 1962 691 1992 19.
733 1957 896 1990 Hirchhof
912 1959 927 1989 ἶ
946 1959 1000 1990 42.

163 2006 193 2037 8.
219 2005 404 2045 BLANDA]
435 2005 490 2036 DE
520 2004 684 2037 LINGL'A
713 2002 892 2036 st'imOlA
926 2007 998 2043 <aus
1027 2003 1082 2035 DE
1112 2002 1275 2035 LlNGL‘O
1304 2001 1483 2036 SL'DOLIS

72 2052 187 2088 corr).
207 2050 329 2082 Blanda
338 2055 399 2082 etc.
413 2051 511 2082 sehon
528 2055 601 2082 text
616 2052 649 2081 C.
664 2068 706 2072 —
721 2060 843 2091 graves
857 2048 996 2089 faciunt]
1018 2048 1143 2080 faciunt
1160 2049 1241 2089 (uel)
1255 2058 1376 2088 graues
1389 2048 1424 2079 C.
1440 2066 1483 2070 —

61 2096 227 2135 iniurias]
247 2106 305 2128 aus
324 2095 466 2127 inuidias
484 2106 570 2126 corr.
592 2096 625 2127 C.

162 2142 194 2173 9.
221 2140 529 2180 subiecti-monent]
548 2135 626 2172 subt
644 2144 753 2171 monet
769 2140 804 2171 C.

166 2187 308 2218 10—17.
336 2186 597 2225 Canis—uerba]
624 2186 724 2217 Canis
743 2185 934 2227 parturiens
954 2185 993 2216 ad
1012 2185 1154 2217 alteram
1172 2184 1303 2216 dicebat
1321 2188 1356 2215 ut
1381 2182 1484 2214 fetum

74 2242 169 2264 suum
187 2232 248 2263 illa
265 2231 408 2262 doleret.
433 2230 495 2262 Illa
513 2233 605 2263 canis
624 2231 723 2262 facile
741 2230 910 2262 consensit
929 2235 963 2262 et
980 2231 1087 2261 locum
1105 2230 1235 2270 roganti
1255 2230 1346 2261 dedit
1370 2233 1403 2260 et
1426 2238 1485 2259 ex-

75 2277 194 2319 posuit.
222 2276 348 2308 Deinde
367 2287 487 2317 rogare
506 2277 618 2318 coepit
635 2281 764 2317 tempus
790 2280 825 2307 ut
853 2275 982 2307 catulos
1005 2276 1124 2307 molles
1150 2287 1213 2307 non
1238 2279 1397 2306 moueret.
1422 2272 1485 2304 Illa

75 2322 166 2354 canis
184 2327 217 2354 et
233 2323 295 2353 hoc
314 2322 485 2353 consensit
502 2327 538 2354 ut
563 2322 690 2353 catulos
717 2320 822 2352 fortes
840 2325 1000 2352 moueret.
1033 2322 1234 2362 Consumpto
1253 2320 1383 2361 quidem
1399 2323 1484 2350 tem-

75 2376 154 2409 pore
180 2367 302 2409 (coepit
325 2366 506 2407 beigeffigti
534 2367 642 2398 cubile
667 2377 759 2398 suum
784 2370 945 2407 repetere.
982 2365 1041 2397 ula
1067 2366 1099 2397 in
1124 2365 1293 2397 stomacho
1322 2365 1401 2396 talis
1422 2364 1483 2395 ait.

73 2411 153 2444 Sine
169 2412 341 2455 paulisper
358 2417 395 2443 ut
411 2423 475 2443 non
494 2412 592 2444 dares
616 2422 688 2443 cum
712 2411 798 2443 uelis
824 2411 953 2443 acriter
975 2412 1117 2443 domina.
1156 2411 1218 2442 Illa
1246 2420 1326 2442 uero
1358 2409 1487 2441 dixisse

76 2456 194 2489 fertur.
223 2457 258 2489 Si
275 2457 356 2489 mihi
374 2462 407 2489 et
431 2457 529 2489 turbe
555 2467 626 2489 mee
649 2457 801 2488 occurris
835 2456 884 2488 lta
907 2455 1026 2488 faciam
1050 2461 1087 2488 ut
1109 2457 1216 2487 locum
1241 2455 1403 2486 dimittam
1429 2453 1487 2484 Sic

76 2502 225 2535 beniuoli
241 2502 398 2534 amittunt
416 2503 552 2544 propria
572 2503 639 2543 iqui
656 2512 715 2544 per
734 2502 852 2533 blanda
871 2502 970 2533 uerba
989 2502 1067 2533 aliis
1081 2502 1229 2533 credunt.
1257 2501 1328 2532 von
1346 2500 1487 2531 zweiter

73 2548 161 2579 hand
177 2547 348 2588 angefu'gt)
365 2547 399 2579 C.

1505 891 1546 924 10

1506 1172 1549 1204 15
