1659 2796
68 115 168 148 Rom.
189 115 218 147 2.
239 115 287 148 17.
1419 113 1462 152 61

63 215 143 257 ait‘?
164 216 328 256 Ambula
347 237 355 247 ·
375 229 464 255 nam
489 227 618 267 pungo
642 216 709 255 tihi
731 218 924 256 ceruicem
943 239 951 246 ·
971 216 1033 255 sic
1051 216 1154 255 mula
1177 214 1319 253 dixisse
1336 217 1470 253 fvi-un·-

67 274 150 323 [3li]
193 273 315 313 Verba
355 279 418 311 tua
450 287 527 311 non
551 287 717 324 pauvsro
744 294 751 301 ·
778 274 845 312 sed
870 273 983 312 huius
1006 274 1071 324 qui
1094 271 1216 324 prima
1239 271 1328 310 solla
1351 271 1472 310 sedit·

65 331 131 382 qui
155 330 274 369 frenis
297 342 361 369 ora
384 336 578 381 temperat
597 352 604 358 ·
623 337 660 368 vt
683 330 774 368 loris
798 330 1071 368 internectitur
1094 352 1101 358 ·
1125 329 1288 379 Flagello
1312 341 1473 367 excusso

64 387 178 426 nohis
201 387 330 438 potius
354 386 415 425 hic
438 387 636 425 timendus
661 393 718 425 est
740 408 747 415 ·
766 386 823 425 'l'u
847 392 976 425 autem
999 387 1170 425 insolens
1193 392 1231 424 et
1254 396 1352 425 uana
1372 408 1378 415 ·
1399 397 1473 438 quq¹

65 444 160 483 nihil
182 443 390 495 aliquando
415 444 516 482 uales
539 444 764 482 fortioribus
787 443 926 482 facere.

68 534 129 574 18.
177 535 402 583 Qx'lsovls
437 535 496 573 SE
528 534 834 573 mvmvtiutT
859 556 866 564 ·
889 534 950 572 An
983 534 1193 572 MlllLL'M
1226 533 1440 573 nEi'liNJT
1466 556 1472 563 ·

441 592 503 629 VT
526 592 621 629 HAG
644 591 874 630 DOCETUR
897 591 1095 629 FABVLA.

177 665 272 705 Nam
303 667 463 705 formica
493 670 531 704 et
561 679 691 705 musca
722 665 1013 705 contendebant
1043 666 1203 705 acriter·
1241 679 1315 719 que
1339 666 1476 705 melior

64 723 213 763 illarum
237 729 341 761 esset
364 745 371 752 ·
391 723 520 761 Musca
544 724 598 761 sic
621 723 745 774 coepit
769 723 874 774 prior
896 745 903 752 ·
924 722 1119 773 Numquid
1143 728 1179 761 te
1197 723 1341 761 nostris
1366 728 1475 775 potes

64 792 289 831 comparare
317 777 528 819 laudibus?
563 778 634 817 Vbi
664 780 887 819 immolatur
906 801 913 808 ·
933 785 1017 818 exta
1039 780 1209 831 primum
1236 793 1305 829 ogo
1331 786 1443 831 gusto
1468 802 1474 809 ·

64 839 106 876 in
129 838 252 888 capite
273 837 377 887 regis
407 837 523 875 sedeo
543 858 549 865 ·
568 841 606 874 et
628 836 808 875 omnibus
834 836 1023 875 matronis
1052 836 1180 875 oscula
1211 835 1335 875 dulcia
1366 839 1441 887 ligo
1467 859 1474 866 ·

65 895 111 933 de
141 894 282 945 quihus
318 894 435 932 rebus
467 899 507 931 tu
545 893 641 931 nihil
665 915 671 921 -
696 893 744 931 Et
773 893 933 932 formica
963 892 1018 931 sic
1047 894 1098 932 ait
1129 897 1262 931 contra
1291 894 1363 944 luge
1386 915 1393 923 ·
1417 894 1476 933 Tu

65 950 205 990 diceris
233 950 411 1002 improba
435 949 658 988 hominibus
683 956 719 988 et
740 950 871 988 hestiis
895 962 980 988 esse
1004 951 1074 988 -At
1109 956 1149 988 tu
1172 949 1302 988 laudas
1324 950 1475 1002 impor-

63 1006 272 1046 tunitatem
310 1014 414 1046 tuam
434 1029 441 1035 ·
460 1006 658 1058 Numquid
684 1012 811 1058 optata
835 1004 979 1045 uenis?
996 1007 1119 1057 Reges
1145 1012 1275 1045 autem
1295 1008 1475 1046 nominas

65 1071 102 1103 et
126 1070 324 1103 matronas
346 1069 471 1102 castas
496 1085 502 1092 ·
527 1070 568 1102 tu
592 1063 790 1103 infortune
812 1063 902 1102 ades
922 1085 929 1092 ·
950 1069 986 1102 et
1008 1063 1139 1102 onmia
1161 1063 1255 1101 dicis
1279 1069 1340 1102 tua
1363 1077 1448 1103 esse
1469 1086 1476 1094 ·

64 1133 152 1159 cum
192 1120 413 1171 ubieunque
455 1119 635 1171 effugaris
662 1139 668 1145 -
695 1121 867 1170 undique
898 1120 1121 1171 importuna
1153 1120 1307 1170 pellaris
1332 1142 1339 1148 ·
1368 1121 1478 1172 quasi

63 1176 254 1216 iniuriosa
287 1176 447 1215 abiceris
472 1198 478 1204 ·
508 1177 664 1215 Aestate
693 1177 800 1215 uales
820 1199 826 1206 ·
850 1176 988 1215 bruma
1021 1177 1206 1215 ueniente
1237 1177 1341 1227 peris
1366 1207 1373 1214 .
1397 1177 1476 1227 Ego

63 1246 159 1273 uero
189 1246 276 1272 sum
307 1233 488 1272 deliciosa
519 1254 526 1262 ·
557 1232 692 1272 Hieme
722 1233 817 1271 mihi
848 1246 984 1272 secura
1014 1246 1101 1272 sum
1121 1254 1128 1262 ·
1147 1246 1210 1271 me
1241 1233 1476 1273 incolumem

63 1290 180 1329 habet
194 1296 350 1341 tempus
369 1311 376 1318 ·
394 1288 453 1329 Me
470 1289 606 1339 gaudia
622 1295 841 1341 sequuntur
855 1311 862 1319 ·
875 1295 917 1328 tu
935 1302 1024 1328 cuni
1043 1295 1207 1328 uentoso
1224 1290 1373 1328 flabello
1391 1290 1478 1341 pel-

64 1347 155 1386 leris
187 1347 341 1385 sordida
366 1368 372 1375 -
396 1345 475 1395 [lec
496 1346 622 1385 fabula
643 1347 899 1398 litigiosorum
932 1353 989 1385 est
1018 1365 1026 1373 ·
1069 1346 1171 1384 Dicis
1202 1346 1287 1385 dico
1311 1368 1319 1376 -
1343 1347 1477 1386 laudas

64 1403 190 1442 laudo.

98 1511 160 1551 19.
200 1513 281 1560 Qvl
305 1512 467 1551 SEMEL
489 1512 682 1552 FRAVDE
700 1513 962 1553 [NCLARVIT
986 1513 1180 1553 SEMPER
1201 1513 1450 1553 TVRPITER

179 1569 310 1607 VIVlT
329 1591 336 1599 ·
356 1569 417 1608 ET
441 1570 484 1608 Sl
507 1570 674 1609 VERVM
695 1570 840 1610 DICAT
862 1569 964 1608 NON
986 1570 1083 1609 ILLI
1106 1570 1364 1610 CREDITVR.

178 1643 311 1696 Lupus
334 1644 521 1695 arguebat
541 1645 701 1697 uulpem
720 1667 727 1674 -
747 1647 867 1685 iratus
890 1646 983 1684 furti
1011 1646 1174 1684 crimine
1197 1667 1204 1675 ·
1228 1646 1292 1684 Illa
1313 1645 1478 1696 negabat

67 1713 108 1740 se
131 1714 217 1740 esse
239 1714 346 1740 ream
371 1724 378 1731 -
401 1702 511 1741 Tunc
534 1702 648 1741 iudex
670 1702 767 1741 sedit
783 1703 920 1741 simius
938 1703 1170 1753 equissimus
1195 1709 1231 1741 et
1249 1714 1368 1741 uerax
1385 1724 1393 1731 ·
1412 1702 1479 1753 qui

65 1757 170 1797 inter
191 1764 393 1809 presentes
416 1772 527 1797 reum
551 1766 779 1809 agnosceret
796 1781 804 1789 ·
824 1759 967 1798 Contra
988 1759 1039 1798 illi
1068 1771 1201 1798 causas
1224 1760 1357 1798 dicunt
1375 1779 1382 1786 ·
1402 1772 1478 1797 nu-

68 1814 162 1853 dant
182 1816 337 1854 fraudes
366 1828 454 1854 suas
478 1837 485 1845 ·
512 1822 550 1854 et
580 1828 673 1855 uera
704 1816 778 1855 sibi
811 1815 947 1855 dicunt
978 1821 1114 1855 mutuo
1147 1816 1309 1855 crimina
1342 1815 1479 1854 -Tunc

157 1960 187 1991 3.
206 1961 260 2002 qui
278 1959 383 1992 frenis
402 1960 471 2000 ora]
490 1960 585 1992 illius
604 1961 706 1993 uerba
729 1971 778 1992 me
804 1965 934 1992 terrent
950 1986 956 1992 .
973 1960 1028 2002 qui
1047 1970 1106 1992 ora
1134 1959 1241 1993 frenis
1258 1961 1292 1993 C.
1311 1979 1353 1983 —
1372 1960 1479 1992 inter-

73 2005 232 2046 nectitur]
253 2006 473 2038 intel-cursum
492 2006 578 2046 regit
597 2007 630 2038 C.

156 2050 255 2083 3—5.
268 2049 601 2092 Flagello—-face1-e.]
618 2051 720 2082 Cuius
739 2051 869 2091 flagella
882 2051 1044 2083 timentur
1060 2051 1159 2082 huius
1174 2051 1277 2083 minas
1291 2050 1478 2083 metuimus.

67 2094 118 2126 Tu
141 2101 250 2128 autem
274 2097 400 2128 insulae
425 2101 458 2128 te
481 2107 584 2128 uanas
602 2097 657 2139 qui
685 2096 765 2127 nihil
790 2096 902 2138 aliqua
926 2096 1020 2128 uales
1046 2101 1156 2128 terrae
1183 2097 1213 2129 si
1238 2096 1324 2129 forte
1352 2096 1478 2128 culices

68 2144 144 2172 tuos
162 2151 235 2173 nam
253 2140 396 2173 fortibus
416 2141 501 2173 nihil
520 2153 619 2173 noces
634 2167 641 2173 .
657 2146 690 2174 et
708 2142 871 2173 irasceres
890 2152 962 2173 cum
980 2141 1063 2173 nihil
1081 2141 1231 2175 facturus
1250 2143 1295 2174 sis
1311 2144 1344 2175 C.

156 2185 193 2227 11,
215 2188 266 2227 18]
286 2186 370 2218 fehlt
388 2188 420 2219 C.
442 2187 622 2227 Phaedrus,
640 2188 672 2228 4,
691 2188 744 2219 24.
769 2185 943 2228 Kirchhof,
963 2186 993 2229 6,
1013 2187 1089 2219 275.

157 2231 187 2263 9.
215 2233 314 2272 esset]
335 2231 456 2264 fuisset
473 2233 506 2263 B.

159 2277 190 2309 9.
210 2278 314 2319 potes]
334 2283 428 2319 potes
446 2283 479 2310 te
498 2278 537 2309 A.

160 2324 212 2356 10.
238 2323 441 2363 immolatur]
460 2323 674 2355 immolantur
691 2323 847 2364 corrigirt
864 2323 899 2356 B.

160 2368 210 2399 16.
238 2369 321 2408 cum]
339 2372 409 2400 tum
427 2369 461 2399 B.

159 2412 210 2444 16.
238 2414 388 2454 pellaris]
410 2413 544 2456 pelleris
563 2414 596 2452 Β,
616 2414 736 2445 ebenso
755 2413 947 2446 verbessert
964 2413 999 2445 in
1017 2413 1056 2445 A.

160 2458 211 2490 18.
238 2459 408 2498 deliciosa]
429 2459 585 2490 delitiosa
603 2458 637 2490 B.

157 2501 193 2542 ll,
219 2504 270 2544 19]
297 2503 380 2536 fehlt
397 2504 430 2536 C.
459 2504 642 2545 Phaedrus,
662 2506 692 2546 1,
713 2505 763 2537 10.
791 2504 953 2547 Anonym.
974 2503 1026 2536 39.
1054 2504 1123 2537 Nil.
1149 2502 1213 2536 fab.
1232 2504 1283 2537 25.
1313 2504 1478 2537 Camerar.

74 2548 144 2580 187.
171 2548 280 2580 Mai-ie
298 2550 350 2581 89.

1505 781 1547 814 10

1508 1072 1546 1104 15

1507 1353 1549 1385 20

1505 1707 1548 1739 25
