<?xml version="1.0" encoding="UTF-8"?>
<!DOCTYPE html PUBLIC "-//W3C//DTD XHTML 1.0 Transitional//EN"
    "http://www.w3.org/TR/xhtml1/DTD/xhtml1-transitional.dtd">
<html xmlns="http://www.w3.org/1999/xhtml" xml:lang="en" lang="en">
 <head>
  <title>
</title>
<meta http-equiv="Content-Type" content="text/html;charset=utf-8" />
  <meta name='ocr-system' content='tesseract 3.04.00' />
  <meta name='ocr-capabilities' content='ocr_page ocr_carea ocr_par ocr_line ocrx_word'/>
</head>
<body>
  <div class='ocr_page' id='page_1' title='image "./romulusdiepharap00phaeuoft_0127.png"; bbox 0 0 1659 2796; ppageno 0'>
   <div class='ocr_carea' id='block_1_1' title="bbox 103 109 1515 149">
    <p class='ocr_par' dir='ltr' id='par_1_1' title="bbox 103 109 1515 149">
     <span class='ocr_line' id='line_1_1' title="bbox 103 109 1515 149; baseline 0.004 -7"><span class='ocrx_word' id='word_1_1' title='bbox 103 109 199 143; x_wconf 78' lang='lat' dir='ltr'><strong>APP.</strong></span> <span class='ocrx_word' id='word_1_2' title='bbox 217 110 270 142; x_wconf 81' lang='lat'>34.</span> <span class='ocrx_word' id='word_1_3' title='bbox 1439 110 1515 149; x_wconf 85' lang='lat'>103</span> 
     </span>
    </p>
   </div>
   <div class='ocr_carea' id='block_1_2' title="bbox 103 209 1520 429">
    <p class='ocr_par' dir='ltr' id='par_1_2' title="bbox 103 209 1520 429">
     <span class='ocr_line' id='line_1_2' title="bbox 104 209 1520 262; baseline 0 -13"><span class='ocrx_word' id='word_1_4' title='bbox 104 211 284 262; x_wconf 76' lang='lat' dir='ltr'>sompnia</span> <span class='ocrx_word' id='word_1_5' title='bbox 307 211 374 249; x_wconf 88' lang='lat' dir='ltr'>sed</span> <span class='ocrx_word' id='word_1_6' title='bbox 402 211 564 249; x_wconf 87' lang='lat' dir='ltr'>diurnas</span> <span class='ocrx_word' id='word_1_7' title='bbox 589 210 758 248; x_wconf 79' lang='lat' dir='ltr'>visiones</span> <span class='ocrx_word' id='word_1_8' title='bbox 781 221 876 260; x_wconf 82' lang='lat' dir='ltr'>quas</span> <span class='ocrx_word' id='word_1_9' title='bbox 908 209 1030 249; x_wconf 85' lang='lat' dir='ltr'>oculis</span> <span class='ocrx_word' id='word_1_10' title='bbox 1061 209 1137 248; x_wconf 79' lang='lat' dir='ltr'>vidi</span> <span class='ocrx_word' id='word_1_11' title='bbox 1163 228 1171 236; x_wconf 94' lang='lat'><strong>·</strong></span> <span class='ocrx_word' id='word_1_12' title='bbox 1207 209 1255 247; x_wconf 85' lang='lat' dir='ltr'>Et</span> <span class='ocrx_word' id='word_1_13' title='bbox 1286 210 1427 248; x_wconf 90' lang='lat' dir='ltr'>mulier</span> <span class='ocrx_word' id='word_1_14' title='bbox 1457 223 1520 249; x_wconf 88' lang='lat' dir='ltr'>re-</span> 
     </span>
     <span class='ocr_line' id='line_1_3' title="bbox 104 263 1519 318; baseline -0.001 -11"><span class='ocrx_word' id='word_1_15' title='bbox 104 267 277 318; x_wconf 89' lang='lat' dir='ltr'>spondit:</span> <span class='ocrx_word' id='word_1_16' title='bbox 310 268 410 317; x_wconf 81' lang='lat' dir='ltr'>Ergo</span> <span class='ocrx_word' id='word_1_17' title='bbox 443 267 572 305; x_wconf 82' lang='lat' dir='ltr'>onmia</span> <span class='ocrx_word' id='word_1_18' title='bbox 603 266 729 304; x_wconf 85' lang='lat' dir='ltr'>credis</span> <span class='ocrx_word' id='word_1_19' title='bbox 759 263 912 304; x_wconf 76' lang='lat' dir='ltr'>oculis?</span> <span class='ocrx_word' id='word_1_20' title='bbox 949 267 1018 304; x_wconf 74' lang='lat' dir='ltr'>Cui</span> <span class='ocrx_word' id='word_1_21' title='bbox 1046 266 1102 304; x_wconf 87' lang='lat' dir='ltr'>vir</span> <span class='ocrx_word' id='word_1_22' title='bbox 1133 266 1277 316; x_wconf 84' lang='lat' dir='ltr'>iuquit:</span> <span class='ocrx_word' id='word_1_23' title='bbox 1320 266 1415 312; x_wconf 79' lang='lat' dir='ltr'>Quis</span> <span class='ocrx_word' id='word_1_24' title='bbox 1440 280 1519 305; x_wconf 88' lang='lat' dir='ltr'>nou</span> 
     </span>
     <span class='ocr_line' id='line_1_4' title="bbox 104 320 1518 374; baseline -0.001 -12"><span class='ocrx_word' id='word_1_25' title='bbox 104 324 235 362; x_wconf 87' lang='lat' dir='ltr'>credat</span> <span class='ocrx_word' id='word_1_26' title='bbox 276 324 398 362; x_wconf 89' lang='lat' dir='ltr'>oculis</span> <span class='ocrx_word' id='word_1_27' title='bbox 433 323 513 361; x_wconf 87' lang='lat' dir='ltr'>suis</span> <span class='ocrx_word' id='word_1_28' title='bbox 549 322 613 374; x_wconf 89' lang='lat' dir='ltr'>qui</span> <span class='ocrx_word' id='word_1_29' title='bbox 653 322 730 360; x_wconf 82' lang='lat' dir='ltr'>t&#39;alli</span> <span class='ocrx_word' id='word_1_30' title='bbox 771 320 983 361; x_wconf 75' lang='lat' dir='ltr'>nesciunt?</span> <span class='ocrx_word' id='word_1_31' title='bbox 1032 322 1145 360; x_wconf 85' lang='lat' dir='ltr'>Etait</span> <span class='ocrx_word' id='word_1_32' title='bbox 1182 321 1361 360; x_wconf 86' lang='lat' dir='ltr'>domina:</span> <span class='ocrx_word' id='word_1_33' title='bbox 1418 323 1518 372; x_wconf 77' lang='lat' dir='ltr'>Ergo</span> 
     </span>
     <span class='ocr_line' id='line_1_5' title="bbox 103 377 1519 429; baseline -0.001 -11"><span class='ocrx_word' id='word_1_34' title='bbox 103 379 238 419; x_wconf 80' lang='lat' dir='ltr'>adesto</span> <span class='ocrx_word' id='word_1_35' title='bbox 276 386 313 418; x_wconf 89' lang='lat' dir='ltr'>et</span> <span class='ocrx_word' id='word_1_36' title='bbox 348 378 553 418; x_wconf 72' lang='lat' dir='ltr'>veritatem</span> <span class='ocrx_word' id='word_1_37' title='bbox 590 378 732 417; x_wconf 81' lang='lat' dir='ltr'>ibimus</span> <span class='ocrx_word' id='word_1_38' title='bbox 769 377 934 429; x_wconf 87' lang='lat' dir='ltr'>experiri</span> <span class='ocrx_word' id='word_1_39' title='bbox 969 397 977 405; x_wconf 94' lang='lat'><strong>·</strong></span> <span class='ocrx_word' id='word_1_40' title='bbox 1021 378 1113 416; x_wconf 87' lang='lat' dir='ltr'>Erat</span> <span class='ocrx_word' id='word_1_41' title='bbox 1155 377 1205 416; x_wconf 84' lang='lat' dir='ltr'>ibi</span> <span class='ocrx_word' id='word_1_42' title='bbox 1248 379 1393 416; x_wconf 92' lang='lat' dir='ltr'>dolium</span> <span class='ocrx_word' id='word_1_43' title='bbox 1432 392 1519 416; x_wconf 91' lang='lat' dir='ltr'>cum</span> 
     </span>
    </p>
   </div>
   <div class='ocr_carea' id='block_1_3' title="bbox 103 434 1563 487">
    <p class='ocr_par' dir='ltr' id='par_1_3' title="bbox 103 434 1563 487">
     <span class='ocr_line' id='line_1_6' title="bbox 103 434 1563 487; baseline -0.001 -14"><span class='ocrx_word' id='word_1_44' title='bbox 103 448 202 487; x_wconf 88' lang='lat' dir='ltr'>aqua</span> <span class='ocrx_word' id='word_1_45' title='bbox 223 435 295 474; x_wconf 90' lang='lat' dir='ltr'>sub</span> <span class='ocrx_word' id='word_1_46' title='bbox 319 437 399 474; x_wconf 86' lang='lat' dir='ltr'>sole</span> <span class='ocrx_word' id='word_1_47' title='bbox 422 435 594 486; x_wconf 87' lang='lat' dir='ltr'>positum</span> <span class='ocrx_word' id='word_1_48' title='bbox 617 441 653 472; x_wconf 89' lang='lat' dir='ltr'>et</span> <span class='ocrx_word' id='word_1_49' title='bbox 676 435 765 473; x_wconf 85' lang='lat' dir='ltr'>illuc</span> <span class='ocrx_word' id='word_1_50' title='bbox 787 434 906 473; x_wconf 88' lang='lat' dir='ltr'>trahit</span> <span class='ocrx_word' id='word_1_51' title='bbox 927 434 990 474; x_wconf 90' lang='lat' dir='ltr'>illa</span> <span class='ocrx_word' id='word_1_52' title='bbox 1014 434 1197 473; x_wconf 89' lang='lat' dir='ltr'>maritum</span> <span class='ocrx_word' id='word_1_53' title='bbox 1216 453 1224 460; x_wconf 91' lang='lat'>·</span> <span class='ocrx_word' id='word_1_54' title='bbox 1261 434 1329 473; x_wconf 86' lang='lat' dir='ltr'>Hic</span> <span class='ocrx_word' id='word_1_55' title='bbox 1346 446 1436 485; x_wconf 79' lang='lat' dir='ltr'>ergo</span> <span class='ocrx_word' id='word_1_56' title='bbox 1459 435 1519 472; x_wconf 91' lang='lat' dir='ltr'>in·</span> <span class='ocrx_word' id='word_1_57' title='bbox 1549 442 1563 466; x_wconf 66' lang='grc' dir='ltr'><em>ἴ</em></span> 
     </span>
    </p>
   </div>
   <div class='ocr_carea' id='block_1_4' title="bbox 97 490 1523 1163">
    <p class='ocr_par' dir='ltr' id='par_1_4' title="bbox 97 490 1523 1163">
     <span class='ocr_line' id='line_1_7' title="bbox 101 490 1517 543; baseline -0.001 -12"><span class='ocrx_word' id='word_1_58' title='bbox 101 492 240 543; x_wconf 77' lang='lat' dir='ltr'>spicios</span> <span class='ocrx_word' id='word_1_59' title='bbox 264 498 301 530; x_wconf 86' lang='lat' dir='ltr'>et</span> <span class='ocrx_word' id='word_1_60' title='bbox 321 492 501 531; x_wconf 75' lang='lat' dir='ltr'>iuvenem</span> <span class='ocrx_word' id='word_1_61' title='bbox 521 491 568 529; x_wconf 85' lang='lat' dir='ltr'>dc</span> <span class='ocrx_word' id='word_1_62' title='bbox 587 503 663 541; x_wconf 88' lang='lat' dir='ltr'>quo</span> <span class='ocrx_word' id='word_1_63' title='bbox 682 491 735 529; x_wconf 88' lang='lat' dir='ltr'>ais</span> <span class='ocrx_word' id='word_1_64' title='bbox 756 491 931 529; x_wconf 75' lang='lat' dir='ltr'>invenias</span> <span class='ocrx_word' id='word_1_65' title='bbox 948 509 956 517; x_wconf 93' lang='lat'><strong>·</strong></span> <span class='ocrx_word' id='word_1_66' title='bbox 992 490 1057 528; x_wconf 72' lang='lat' dir='ltr'>vir</span> <span class='ocrx_word' id='word_1_67' title='bbox 1077 491 1206 541; x_wconf 82' lang='lat' dir='ltr'>itaque</span> <span class='ocrx_word' id='word_1_68' title='bbox 1224 491 1389 529; x_wconf 90' lang='lat' dir='ltr'>credidit</span> <span class='ocrx_word' id='word_1_69' title='bbox 1409 492 1517 529; x_wconf 85' lang='lat' dir='ltr'>uxori</span> 
     </span>
     <span class='ocr_line' id='line_1_8' title="bbox 101 546 1519 599; baseline 0 -13"><span class='ocrx_word' id='word_1_70' title='bbox 101 554 140 587; x_wconf 88' lang='lat' dir='ltr'>et</span> <span class='ocrx_word' id='word_1_71' title='bbox 161 548 330 599; x_wconf 78' lang='lat' dir='ltr'>inspexit</span> <span class='ocrx_word' id='word_1_72' title='bbox 350 548 416 586; x_wconf 88' lang='lat' dir='ltr'>sed</span> <span class='ocrx_word' id='word_1_73' title='bbox 439 548 563 586; x_wconf 87' lang='lat' dir='ltr'>solum</span> <span class='ocrx_word' id='word_1_74' title='bbox 589 560 630 585; x_wconf 79' lang='lat' dir='ltr'>sc</span> <span class='ocrx_word' id='word_1_75' title='bbox 653 547 690 585; x_wconf 88' lang='lat' dir='ltr'>iu</span> <span class='ocrx_word' id='word_1_76' title='bbox 715 559 814 598; x_wconf 78' lang='lat' dir='ltr'>aqua</span> <span class='ocrx_word' id='word_1_77' title='bbox 836 546 1004 597; x_wconf 82' lang='lat' dir='ltr'>reperit·</span> <span class='ocrx_word' id='word_1_78' title='bbox 1040 546 1087 585; x_wconf 83' lang='lat' dir='ltr'>Et</span> <span class='ocrx_word' id='word_1_79' title='bbox 1109 547 1224 585; x_wconf 82' lang='lat' dir='ltr'>dixit:</span> <span class='ocrx_word' id='word_1_80' title='bbox 1249 547 1416 586; x_wconf 82' lang='lat' dir='ltr'>Procum</span> <span class='ocrx_word' id='word_1_81' title='bbox 1440 559 1519 586; x_wconf 90' lang='lat' dir='ltr'>non</span> 
     </span>
     <span class='ocr_line' id='line_1_9' title="bbox 102 602 1518 654; baseline -0.001 -11"><span class='ocrx_word' id='word_1_82' title='bbox 102 605 271 647; x_wconf 78' lang='lat' dir='ltr'>invenio,</span> <span class='ocrx_word' id='word_1_83' title='bbox 295 605 362 643; x_wconf 91' lang='lat' dir='ltr'>sed</span> <span class='ocrx_word' id='word_1_84' title='bbox 384 604 570 643; x_wconf 88' lang='lat' dir='ltr'>maritum</span> <span class='ocrx_word' id='word_1_85' title='bbox 593 603 717 642; x_wconf 72' lang='lat' dir='ltr'>video.</span> <span class='ocrx_word' id='word_1_86' title='bbox 755 603 800 641; x_wconf 86' lang='lat' dir='ltr'>Et</span> <span class='ocrx_word' id='word_1_87' title='bbox 824 603 965 641; x_wconf 86' lang='lat' dir='ltr'>mulier</span> <span class='ocrx_word' id='word_1_88' title='bbox 987 602 1080 641; x_wconf 86' lang='lat' dir='ltr'>dixit</span> <span class='ocrx_word' id='word_1_89' title='bbox 1102 604 1147 641; x_wconf 88' lang='lat' dir='ltr'>ad</span> <span class='ocrx_word' id='word_1_90' title='bbox 1172 616 1285 641; x_wconf 89' lang='lat' dir='ltr'>eum:</span> <span class='ocrx_word' id='word_1_91' title='bbox 1306 604 1407 654; x_wconf 79' lang='lat' dir='ltr'>Ergo</span> <span class='ocrx_word' id='word_1_92' title='bbox 1430 616 1518 642; x_wconf 87' lang='lat' dir='ltr'>vera</span> 
     </span>
     <span class='ocr_line' id='line_1_10' title="bbox 101 660 1520 712; baseline -0.001 -13"><span class='ocrx_word' id='word_1_93' title='bbox 101 667 194 700; x_wconf 86' lang='lat' dir='ltr'>sunt</span> <span class='ocrx_word' id='word_1_94' title='bbox 216 674 291 712; x_wconf 87' lang='lat' dir='ltr'>que</span> <span class='ocrx_word' id='word_1_95' title='bbox 315 661 443 699; x_wconf 79' lang='lat' dir='ltr'>vides·</span> <span class='ocrx_word' id='word_1_96' title='bbox 479 660 526 698; x_wconf 88' lang='lat' dir='ltr'>Et</span> <span class='ocrx_word' id='word_1_97' title='bbox 547 660 598 698; x_wconf 89' lang='lat' dir='ltr'>ait</span> <span class='ocrx_word' id='word_1_98' title='bbox 622 660 807 698; x_wconf 87' lang='lat' dir='ltr'>maritus:</span> <span class='ocrx_word' id='word_1_99' title='bbox 832 660 1085 710; x_wconf 75' lang='lat' dir='ltr'>Nequaquam</span> <span class='ocrx_word' id='word_1_100' title='bbox 1110 666 1202 698; x_wconf 89' lang='lat' dir='ltr'>suut</span> <span class='ocrx_word' id='word_1_101' title='bbox 1225 673 1312 697; x_wconf 79' lang='lat' dir='ltr'>vera</span> <span class='ocrx_word' id='word_1_102' title='bbox 1335 660 1401 697; x_wconf 70' lang='lat' dir='ltr'>sod</span> <span class='ocrx_word' id='word_1_103' title='bbox 1419 661 1520 698; x_wconf 77' lang='lat' dir='ltr'>veri-</span> 
     </span>
     <span class='ocr_line' id='line_1_11' title="bbox 101 716 1521 766; baseline -0.001 -10"><span class='ocrx_word' id='word_1_104' title='bbox 101 718 188 756; x_wconf 88' lang='lat' dir='ltr'>tatis</span> <span class='ocrx_word' id='word_1_105' title='bbox 213 717 375 756; x_wconf 86' lang='lat' dir='ltr'>umbra·</span> <span class='ocrx_word' id='word_1_106' title='bbox 411 717 523 755; x_wconf 86' lang='lat' dir='ltr'>Tunc.</span> <span class='ocrx_word' id='word_1_107' title='bbox 552 728 642 765; x_wconf 81' lang='lat' dir='ltr'>crgo</span> <span class='ocrx_word' id='word_1_108' title='bbox 673 716 815 755; x_wconf 89' lang='lat' dir='ltr'>mulier</span> <span class='ocrx_word' id='word_1_109' title='bbox 842 716 1032 754; x_wconf 76' lang='lat' dir='ltr'>conclusit</span> <span class='ocrx_word' id='word_1_110' title='bbox 1063 723 1099 754; x_wconf 92' lang='lat' dir='ltr'>et</span> <span class='ocrx_word' id='word_1_111' title='bbox 1121 716 1234 754; x_wconf 83' lang='lat' dir='ltr'>dixit:</span> <span class='ocrx_word' id='word_1_112' title='bbox 1268 716 1373 754; x_wconf 83' lang='lat' dir='ltr'>Bene</span> <span class='ocrx_word' id='word_1_113' title='bbox 1403 716 1521 766; x_wconf 80' lang='lat' dir='ltr'>igitur</span> 
     </span>
     <span class='ocr_line' id='line_1_12' title="bbox 100 772 1521 825; baseline -0.001 -13"><span class='ocrx_word' id='word_1_114' title='bbox 100 774 259 812; x_wconf 87' lang='lat' dir='ltr'>credere</span> <span class='ocrx_word' id='word_1_115' title='bbox 286 780 398 825; x_wconf 89' lang='lat' dir='ltr'>potes</span> <span class='ocrx_word' id='word_1_116' title='bbox 421 773 544 811; x_wconf 90' lang='lat' dir='ltr'>oculis</span> <span class='ocrx_word' id='word_1_117' title='bbox 566 773 644 810; x_wconf 86' lang='lat' dir='ltr'>tuis</span> <span class='ocrx_word' id='word_1_118' title='bbox 668 773 733 823; x_wconf 84' lang='lat' dir='ltr'>qui</span> <span class='ocrx_word' id='word_1_119' title='bbox 763 773 817 811; x_wconf 86' lang='lat' dir='ltr'>sic</span> <span class='ocrx_word' id='word_1_120' title='bbox 840 779 878 811; x_wconf 79' lang='lat' dir='ltr'>te</span> <span class='ocrx_word' id='word_1_121' title='bbox 901 772 1068 811; x_wconf 90' lang='lat' dir='ltr'>iudicem</span> <span class='ocrx_word' id='word_1_122' title='bbox 1101 773 1238 811; x_wconf 87' lang='lat' dir='ltr'>fallunt</span> <span class='ocrx_word' id='word_1_123' title='bbox 1255 791 1263 798; x_wconf 93' lang='lat'><strong>·</strong></span> <span class='ocrx_word' id='word_1_124' title='bbox 1298 773 1363 810; x_wconf 69' lang='lat' dir='ltr'>Vir</span> <span class='ocrx_word' id='word_1_125' title='bbox 1390 773 1521 823; x_wconf 85' lang='lat' dir='ltr'>itaque</span> 
     </span>
     <span class='ocr_line' id='line_1_13' title="bbox 101 828 1520 870; baseline 0 -2"><span class='ocrx_word' id='word_1_126' title='bbox 101 830 172 869; x_wconf 83' lang='lat' dir='ltr'>ait:</span> <span class='ocrx_word' id='word_1_127' title='bbox 204 830 419 868; x_wconf 85' lang='lat' dir='ltr'>fallendum</span> <span class='ocrx_word' id='word_1_128' title='bbox 443 829 563 868; x_wconf 81' lang='lat' dir='ltr'>facilis</span> <span class='ocrx_word' id='word_1_129' title='bbox 587 829 750 870; x_wconf 81' lang='lat' dir='ltr'>fallitur,</span> <span class='ocrx_word' id='word_1_130' title='bbox 783 835 820 867; x_wconf 88' lang='lat' dir='ltr'>et</span> <span class='ocrx_word' id='word_1_131' title='bbox 850 828 965 866; x_wconf 71' lang='lat' dir='ltr'>verba</span> <span class='ocrx_word' id='word_1_132' title='bbox 989 829 1159 868; x_wconf 87' lang='lat' dir='ltr'>mulieris</span> <span class='ocrx_word' id='word_1_133' title='bbox 1188 828 1357 867; x_wconf 77' lang='lat' dir='ltr'>laudavit</span> <span class='ocrx_word' id='word_1_134' title='bbox 1386 829 1520 868; x_wconf 89' lang='lat' dir='ltr'>dicens</span> 
     </span>
     <span class='ocr_line' id='line_1_14' title="bbox 99 885 1522 935; baseline -0.001 -10"><span class='ocrx_word' id='word_1_135' title='bbox 99 887 224 925; x_wconf 88' lang='lat' dir='ltr'>tutius</span> <span class='ocrx_word' id='word_1_136' title='bbox 239 889 319 925; x_wconf 87' lang='lat' dir='ltr'>l&#39;ore</span> <span class='ocrx_word' id='word_1_137' title='bbox 334 885 484 924; x_wconf 89' lang='lat' dir='ltr'>homini</span> <span class='ocrx_word' id='word_1_138' title='bbox 496 885 654 924; x_wconf 88' lang='lat' dir='ltr'>credere</span> <span class='ocrx_word' id='word_1_139' title='bbox 667 898 753 923; x_wconf 89' lang='lat' dir='ltr'>care</span> <span class='ocrx_word' id='word_1_140' title='bbox 766 885 956 935; x_wconf 73' lang='lat' dir='ltr'>coniugiis</span> <span class='ocrx_word' id='word_1_141' title='bbox 970 885 1056 924; x_wconf 72' lang='lat' dir='ltr'>[idei</span> <span class='ocrx_word' id='word_1_142' title='bbox 1074 886 1232 924; x_wconf 90' lang='lat' dir='ltr'>credere</span> <span class='ocrx_word' id='word_1_143' title='bbox 1250 898 1367 935; x_wconf 84' lang='lat' dir='ltr'>quam</span> <span class='ocrx_word' id='word_1_144' title='bbox 1385 885 1522 923; x_wconf 84' lang='lat' dir='ltr'>fallen-</span> 
     </span>
     <span class='ocr_line' id='line_1_15' title="bbox 100 942 1521 981; baseline -0.001 0"><span class='ocrx_word' id='word_1_145' title='bbox 100 943 205 981; x_wconf 82' lang='lat' dir='ltr'>tibus</span> <span class='ocrx_word' id='word_1_146' title='bbox 228 943 347 981; x_wconf 84' lang='lat' dir='ltr'>oculis</span> <span class='ocrx_word' id='word_1_147' title='bbox 365 962 372 969; x_wconf 91' lang='lat'><strong>·</strong></span> <span class='ocrx_word' id='word_1_148' title='bbox 408 942 504 981; x_wconf 84' lang='lat' dir='ltr'>Item</span> <span class='ocrx_word' id='word_1_149' title='bbox 525 942 580 980; x_wconf 78' lang='lat' dir='ltr'>vir</span> <span class='ocrx_word' id='word_1_150' title='bbox 595 942 710 980; x_wconf 82' lang='lat' dir='ltr'>dixit:</span> <span class='ocrx_word' id='word_1_151' title='bbox 734 942 819 980; x_wconf 64' lang='lat' dir='ltr'>Vidi</span> <span class='ocrx_word' id='word_1_152' title='bbox 841 948 877 980; x_wconf 85' lang='lat' dir='ltr'>et</span> <span class='ocrx_word' id='word_1_153' title='bbox 896 942 1154 981; x_wconf 82' lang='lat' dir='ltr'>conturbatus</span> <span class='ocrx_word' id='word_1_154' title='bbox 1174 947 1229 980; x_wconf 86' lang='lat' dir='ltr'>est</span> <span class='ocrx_word' id='word_1_155' title='bbox 1247 947 1382 980; x_wconf 78' lang='lat' dir='ltr'>venter</span> <span class='ocrx_word' id='word_1_156' title='bbox 1399 954 1521 980; x_wconf 86' lang='lat' dir='ltr'>meus.</span> 
     </span>
     <span class='ocr_line' id='line_1_16' title="bbox 100 998 1519 1049; baseline -0.001 -11"><span class='ocrx_word' id='word_1_157' title='bbox 100 999 237 1038; x_wconf 77' lang='lat' dir='ltr'>Mulier</span> <span class='ocrx_word' id='word_1_158' title='bbox 258 999 375 1038; x_wconf 82' lang='lat' dir='ltr'>dixit:</span> <span class='ocrx_word' id='word_1_159' title='bbox 399 998 646 1037; x_wconf 78' lang='lat' dir='ltr'>Anmmciatc</span> <span class='ocrx_word' id='word_1_160' title='bbox 670 998 781 1036; x_wconf 88' lang='lat' dir='ltr'>nobis</span> <span class='ocrx_word' id='word_1_161' title='bbox 805 998 889 1049; x_wconf 86' lang='lat' dir='ltr'>quis</span> <span class='ocrx_word' id='word_1_162' title='bbox 908 1000 1101 1048; x_wconf 88' lang='lat' dir='ltr'>apparuit.</span> <span class='ocrx_word' id='word_1_163' title='bbox 1129 998 1216 1036; x_wconf 77' lang='lat' dir='ltr'>Non</span> <span class='ocrx_word' id='word_1_164' title='bbox 1239 1004 1298 1037; x_wconf 87' lang='lat' dir='ltr'>est</span> <span class='ocrx_word' id='word_1_165' title='bbox 1319 998 1379 1037; x_wconf 84' lang='lat' dir='ltr'>hic</span> <span class='ocrx_word' id='word_1_166' title='bbox 1403 1010 1519 1049; x_wconf 89' lang='lat' dir='ltr'>quem</span> 
     </span>
     <span class='ocr_line' id='line_1_17' title="bbox 103 1053 1523 1107; baseline -0.001 -13"><span class='ocrx_word' id='word_1_167' title='bbox 103 1055 290 1107; x_wconf 86' lang='lat' dir='ltr'>queritis·</span> <span class='ocrx_word' id='word_1_168' title='bbox 326 1055 423 1094; x_wconf 82' lang='lat' dir='ltr'>ltem</span> <span class='ocrx_word' id='word_1_169' title='bbox 447 1055 524 1093; x_wconf 74' lang='lat' dir='ltr'>vir:</span> <span class='ocrx_word' id='word_1_170' title='bbox 561 1055 717 1100; x_wconf 56' lang='lat' dir='ltr'>Ques-ivi</span> <span class='ocrx_word' id='word_1_171' title='bbox 747 1062 785 1093; x_wconf 85' lang='lat' dir='ltr'>et</span> <span class='ocrx_word' id='word_1_172' title='bbox 808 1067 886 1093; x_wconf 89' lang='lat' dir='ltr'>non</span> <span class='ocrx_word' id='word_1_173' title='bbox 910 1055 1041 1094; x_wconf 78' lang='lat' dir='ltr'>inveni</span> <span class='ocrx_word' id='word_1_174' title='bbox 1063 1056 1196 1094; x_wconf 89' lang='lat' dir='ltr'>illum·</span> <span class='ocrx_word' id='word_1_175' title='bbox 1230 1053 1425 1093; x_wconf 81' lang='lat' dir='ltr'>Moralitas</span> <span class='ocrx_word' id='word_1_176' title='bbox 1446 1055 1523 1093; x_wconf 91' lang='lat' dir='ltr'>hu-</span> 
     </span>
     <span class='ocr_line' id='line_1_18' title="bbox 97 1111 884 1163; baseline -0.004 -12"><span class='ocrx_word' id='word_1_177' title='bbox 97 1112 161 1163; x_wconf 86' lang='lat' dir='ltr'>jus</span> <span class='ocrx_word' id='word_1_178' title='bbox 184 1111 313 1150; x_wconf 86' lang='lat' dir='ltr'>fabule</span> <span class='ocrx_word' id='word_1_179' title='bbox 337 1111 540 1163; x_wconf 85' lang='lat' dir='ltr'>querenda</span> <span class='ocrx_word' id='word_1_180' title='bbox 563 1118 621 1149; x_wconf 87' lang='lat' dir='ltr'>est</span> <span class='ocrx_word' id='word_1_181' title='bbox 644 1111 681 1149; x_wconf 92' lang='lat' dir='ltr'>in</span> <span class='ocrx_word' id='word_1_182' title='bbox 706 1111 884 1150; x_wconf 87' lang='lat' dir='ltr'>muliere.</span> 
     </span>
    </p>
   </div>
   <div class='ocr_carea' id='block_1_5' title="bbox 98 1201 1524 2495">
    <p class='ocr_par' dir='ltr' id='par_1_5' title="bbox 370 1201 1254 1242">
     <span class='ocr_line' id='line_1_19' title="bbox 370 1201 1254 1242; baseline 0 -1"><span class='ocrx_word' id='word_1_183' title='bbox 370 1203 435 1242; x_wconf 79' lang='lat'>35.</span> <span class='ocrx_word' id='word_1_184' title='bbox 483 1203 545 1241; x_wconf 88' lang='lat' dir='ltr'>DE</span> <span class='ocrx_word' id='word_1_185' title='bbox 577 1201 707 1241; x_wconf 79' lang='lat' dir='ltr'><strong>FL&#39;RE</strong></span> <span class='ocrx_word' id='word_1_186' title='bbox 740 1202 987 1241; x_wconf 74' lang='lat' dir='ltr'>CREDENTI</span> <span class='ocrx_word' id='word_1_187' title='bbox 1010 1202 1254 1241; x_wconf 69' lang='lat' dir='ltr'>DYABoLo.</span> 
     </span>
    </p>

    <p class='ocr_par' dir='ltr' id='par_1_6' title="bbox 98 1258 1524 2495">
     <span class='ocr_line' id='line_1_20' title="bbox 213 1258 1522 1311; baseline -0.002 -13"><span class='ocrx_word' id='word_1_188' title='bbox 213 1260 290 1298; x_wconf 89' lang='lat' dir='ltr'>Fur</span> <span class='ocrx_word' id='word_1_189' title='bbox 313 1260 353 1298; x_wconf 93' lang='lat' dir='ltr'>in</span> <span class='ocrx_word' id='word_1_190' title='bbox 375 1260 531 1311; x_wconf 85' lang='lat' dir='ltr'>spineto</span> <span class='ocrx_word' id='word_1_191' title='bbox 564 1259 766 1297; x_wconf 89' lang='lat' dir='ltr'>dormiens</span> <span class='ocrx_word' id='word_1_192' title='bbox 796 1259 868 1297; x_wconf 89' lang='lat' dir='ltr'>sub</span> <span class='ocrx_word' id='word_1_193' title='bbox 899 1259 983 1298; x_wconf 86' lang='lat' dir='ltr'>alba</span> <span class='ocrx_word' id='word_1_194' title='bbox 1011 1259 1123 1310; x_wconf 84' lang='lat' dir='ltr'>spina</span> <span class='ocrx_word' id='word_1_195' title='bbox 1153 1259 1357 1297; x_wconf 80' lang='lat' dir='ltr'>sathanam</span> <span class='ocrx_word' id='word_1_196' title='bbox 1387 1258 1522 1297; x_wconf 82' lang='lat' dir='ltr'>adesse</span> 
     </span>
     <span class='ocr_line' id='line_1_21' title="bbox 100 1315 1521 1368; baseline -0.001 -14"><span class='ocrx_word' id='word_1_197' title='bbox 100 1317 335 1368; x_wconf 74' lang='lat' dir='ltr'>sompniavit</span> <span class='ocrx_word' id='word_1_198' title='bbox 360 1323 397 1354; x_wconf 89' lang='lat' dir='ltr'>et</span> <span class='ocrx_word' id='word_1_199' title='bbox 419 1328 584 1355; x_wconf 83' lang='lat' dir='ltr'>excusso</span> <span class='ocrx_word' id='word_1_200' title='bbox 608 1327 747 1366; x_wconf 86' lang='lat' dir='ltr'>sopore</span> <span class='ocrx_word' id='word_1_201' title='bbox 768 1315 860 1353; x_wconf 90' lang='lat' dir='ltr'>dum</span> <span class='ocrx_word' id='word_1_202' title='bbox 884 1316 1043 1367; x_wconf 74' lang='lat' dir='ltr'>respicit</span> <span class='ocrx_word' id='word_1_203' title='bbox 1066 1328 1184 1366; x_wconf 82' lang='lat' dir='ltr'>quem</span> <span class='ocrx_word' id='word_1_204' title='bbox 1206 1316 1246 1353; x_wconf 88' lang='lat' dir='ltr'>in</span> <span class='ocrx_word' id='word_1_205' title='bbox 1270 1315 1446 1365; x_wconf 87' lang='lat' dir='ltr'>sompnis</span> <span class='ocrx_word' id='word_1_206' title='bbox 1464 1315 1521 1353; x_wconf 78' lang='lat' dir='ltr'>vi-</span> 
     </span>
     <span class='ocr_line' id='line_1_22' title="bbox 103 1371 1523 1424; baseline -0.001 -14"><span class='ocrx_word' id='word_1_207' title='bbox 103 1373 212 1412; x_wconf 88' lang='lat' dir='ltr'>derat</span> <span class='ocrx_word' id='word_1_208' title='bbox 233 1379 460 1424; x_wconf 82' lang='lat' dir='ltr'>presentem</span> <span class='ocrx_word' id='word_1_209' title='bbox 482 1372 617 1411; x_wconf 87' lang='lat' dir='ltr'>habuit</span> <span class='ocrx_word' id='word_1_210' title='bbox 645 1377 682 1411; x_wconf 84' lang='lat' dir='ltr'>et</span> <span class='ocrx_word' id='word_1_211' title='bbox 704 1372 799 1410; x_wconf 85' lang='lat' dir='ltr'>dixit</span> <span class='ocrx_word' id='word_1_212' title='bbox 828 1373 966 1411; x_wconf 89' lang='lat' dir='ltr'>sathan</span> <span class='ocrx_word' id='word_1_213' title='bbox 995 1372 1040 1410; x_wconf 89' lang='lat' dir='ltr'>ad</span> <span class='ocrx_word' id='word_1_214' title='bbox 1069 1372 1197 1410; x_wconf 89' lang='lat' dir='ltr'>illum:</span> <span class='ocrx_word' id='word_1_215' title='bbox 1230 1372 1325 1410; x_wconf 88' lang='lat' dir='ltr'>Care</span> <span class='ocrx_word' id='word_1_216' title='bbox 1354 1371 1457 1409; x_wconf 85' lang='lat' dir='ltr'>socie</span> <span class='ocrx_word' id='word_1_217' title='bbox 1486 1378 1523 1410; x_wconf 89' lang='lat' dir='ltr'>et</span> 
     </span>
     <span class='ocr_line' id='line_1_23' title="bbox 99 1427 1523 1480; baseline -0.001 -13"><span class='ocrx_word' id='word_1_218' title='bbox 99 1441 254 1480; x_wconf 83' lang='lat' dir='ltr'>semper</span> <span class='ocrx_word' id='word_1_219' title='bbox 277 1429 361 1468; x_wconf 88' lang='lat' dir='ltr'>sine</span> <span class='ocrx_word' id='word_1_220' title='bbox 384 1430 462 1467; x_wconf 85' lang='lat' dir='ltr'>tine</span> <span class='ocrx_word' id='word_1_221' title='bbox 485 1429 620 1473; x_wconf 79' lang='lat' dir='ltr'>fidelis,</span> <span class='ocrx_word' id='word_1_222' title='bbox 651 1429 743 1467; x_wconf 81' lang='lat' dir='ltr'>satis</span> <span class='ocrx_word' id='word_1_223' title='bbox 767 1441 971 1478; x_wconf 78' lang='lat' dir='ltr'>cognosco,</span> <span class='ocrx_word' id='word_1_224' title='bbox 995 1429 1099 1479; x_wconf 82' lang='lat' dir='ltr'>quod</span> <span class='ocrx_word' id='word_1_225' title='bbox 1123 1428 1191 1466; x_wconf 87' lang='lat' dir='ltr'>tibi</span> <span class='ocrx_word' id='word_1_226' title='bbox 1213 1428 1259 1466; x_wconf 94' lang='lat' dir='ltr'>de</span> <span class='ocrx_word' id='word_1_227' title='bbox 1281 1427 1365 1466; x_wconf 89' lang='lat' dir='ltr'>iure</span> <span class='ocrx_word' id='word_1_228' title='bbox 1388 1427 1523 1479; x_wconf 88' lang='lat' dir='ltr'>propi-</span> 
     </span>
     <span class='ocr_line' id='line_1_24' title="bbox 99 1484 1522 1536; baseline -0.001 -12"><span class='ocrx_word' id='word_1_229' title='bbox 99 1486 180 1524; x_wconf 85' lang='lat' dir='ltr'>cius</span> <span class='ocrx_word' id='word_1_230' title='bbox 203 1498 272 1524; x_wconf 89' lang='lat' dir='ltr'>ero</span> <span class='ocrx_word' id='word_1_231' title='bbox 296 1492 332 1524; x_wconf 89' lang='lat' dir='ltr'>et</span> <span class='ocrx_word' id='word_1_232' title='bbox 355 1485 432 1524; x_wconf 78' lang='lat' dir='ltr'>vite</span> <span class='ocrx_word' id='word_1_233' title='bbox 455 1491 533 1527; x_wconf 80' lang='lat' dir='ltr'>tue,</span> <span class='ocrx_word' id='word_1_234' title='bbox 568 1491 603 1523; x_wconf 87' lang='lat' dir='ltr'>ct</span> <span class='ocrx_word' id='word_1_235' title='bbox 628 1485 754 1523; x_wconf 87' lang='lat' dir='ltr'>studia</span> <span class='ocrx_word' id='word_1_236' title='bbox 776 1498 853 1536; x_wconf 85' lang='lat' dir='ltr'>que</span> <span class='ocrx_word' id='word_1_237' title='bbox 875 1485 977 1536; x_wconf 81' lang='lat' dir='ltr'>geris</span> <span class='ocrx_word' id='word_1_238' title='bbox 1006 1498 1092 1523; x_wconf 87' lang='lat' dir='ltr'>meo</span> <span class='ocrx_word' id='word_1_239' title='bbox 1115 1491 1207 1523; x_wconf 85' lang='lat' dir='ltr'>sunt</span> <span class='ocrx_word' id='word_1_240' title='bbox 1237 1484 1350 1534; x_wconf 73' lang='lat' dir='ltr'>digna</span> <span class='ocrx_word' id='word_1_241' title='bbox 1381 1484 1522 1530; x_wconf 72' lang='lat' dir='ltr'>favore,</span> 
     </span>
     <span class='ocr_line' id='line_1_25' title="bbox 100 1540 1524 1593; baseline -0.001 -13"><span class='ocrx_word' id='word_1_242' title='bbox 100 1542 242 1593; x_wconf 86' lang='lat' dir='ltr'>quibus</span> <span class='ocrx_word' id='word_1_243' title='bbox 266 1542 296 1580; x_wconf 92' lang='lat' dir='ltr'>si</span> <span class='ocrx_word' id='word_1_244' title='bbox 319 1542 525 1591; x_wconf 80' lang='lat' dir='ltr'>diligenter</span> <span class='ocrx_word' id='word_1_245' title='bbox 548 1541 754 1585; x_wconf 69' lang='lat' dir='ltr'>institeris,</span> <span class='ocrx_word' id='word_1_246' title='bbox 777 1554 911 1580; x_wconf 89' lang='lat' dir='ltr'>meum</span> <span class='ocrx_word' id='word_1_247' title='bbox 934 1542 1067 1592; x_wconf 85' lang='lat' dir='ltr'>procul</span> <span class='ocrx_word' id='word_1_248' title='bbox 1089 1540 1208 1579; x_wconf 89' lang='lat' dir='ltr'>dubio</span> <span class='ocrx_word' id='word_1_249' title='bbox 1240 1540 1391 1579; x_wconf 88' lang='lat' dir='ltr'>sencies</span> <span class='ocrx_word' id='word_1_250' title='bbox 1413 1541 1524 1579; x_wconf 78' lang='lat' dir='ltr'>auxi-</span> 
     </span>
     <span class='ocr_line' id='line_1_26' title="bbox 100 1596 1522 1647; baseline -0.001 -11"><span class='ocrx_word' id='word_1_251' title='bbox 100 1599 195 1637; x_wconf 91' lang='lat' dir='ltr'>lium</span> <span class='ocrx_word' id='word_1_252' title='bbox 218 1604 255 1637; x_wconf 90' lang='lat' dir='ltr'>et</span> <span class='ocrx_word' id='word_1_253' title='bbox 282 1599 464 1636; x_wconf 79' lang='lat' dir='ltr'>invocato</span> <span class='ocrx_word' id='word_1_254' title='bbox 488 1597 647 1636; x_wconf 91' lang='lat' dir='ltr'>nomine</span> <span class='ocrx_word' id='word_1_255' title='bbox 670 1610 758 1635; x_wconf 90' lang='lat' dir='ltr'>meo</span> <span class='ocrx_word' id='word_1_256' title='bbox 782 1610 944 1636; x_wconf 86' lang='lat' dir='ltr'>securus</span> <span class='ocrx_word' id='word_1_257' title='bbox 966 1597 1131 1636; x_wconf 83' lang='lat' dir='ltr'>intrabis</span> <span class='ocrx_word' id='word_1_258' title='bbox 1154 1597 1309 1647; x_wconf 84' lang='lat' dir='ltr'>ubique.</span> <span class='ocrx_word' id='word_1_259' title='bbox 1348 1596 1429 1634; x_wconf 89' lang='lat' dir='ltr'>Fur</span> <span class='ocrx_word' id='word_1_260' title='bbox 1450 1597 1522 1647; x_wconf 83' lang='lat' dir='ltr'>igi-</span> 
     </span>
     <span class='ocr_line' id='line_1_27' title="bbox 100 1653 1523 1699; baseline -0.001 -6"><span class='ocrx_word' id='word_1_261' title='bbox 100 1661 185 1699; x_wconf 89' lang='lat' dir='ltr'>tur,</span> <span class='ocrx_word' id='word_1_262' title='bbox 209 1655 283 1692; x_wconf 80' lang='lat' dir='ltr'>liiis</span> <span class='ocrx_word' id='word_1_263' title='bbox 306 1654 432 1692; x_wconf 76' lang='lat' dir='ltr'>verbis</span> <span class='ocrx_word' id='word_1_264' title='bbox 455 1654 615 1692; x_wconf 87' lang='lat' dir='ltr'>monitis</span> <span class='ocrx_word' id='word_1_265' title='bbox 638 1654 822 1692; x_wconf 84' lang='lat' dir='ltr'>audacior</span> <span class='ocrx_word' id='word_1_266' title='bbox 844 1657 991 1699; x_wconf 78' lang='lat' dir='ltr'>t&#39;actus,</span> <span class='ocrx_word' id='word_1_267' title='bbox 1023 1655 1062 1692; x_wconf 85' lang='lat' dir='ltr'>tit</span> <span class='ocrx_word' id='word_1_268' title='bbox 1087 1654 1209 1692; x_wconf 79' lang='lat' dir='ltr'>eciam</span> <span class='ocrx_word' id='word_1_269' title='bbox 1232 1653 1463 1692; x_wconf 87' lang='lat' dir='ltr'>sceleracior</span> <span class='ocrx_word' id='word_1_270' title='bbox 1484 1659 1523 1691; x_wconf 84' lang='lat' dir='ltr'>et</span> 
     </span>
     <span class='ocr_line' id='line_1_28' title="bbox 100 1709 1523 1761; baseline -0.001 -12"><span class='ocrx_word' id='word_1_271' title='bbox 100 1711 334 1750; x_wconf 85' lang='lat' dir='ltr'>memoriam</span> <span class='ocrx_word' id='word_1_272' title='bbox 349 1711 410 1749; x_wconf 86' lang='lat' dir='ltr'>sui</span> <span class='ocrx_word' id='word_1_273' title='bbox 429 1710 592 1749; x_wconf 86' lang='lat' dir='ltr'>rectoris</span> <span class='ocrx_word' id='word_1_274' title='bbox 610 1722 769 1748; x_wconf 79' lang='lat' dir='ltr'>servans</span> <span class='ocrx_word' id='word_1_275' title='bbox 787 1710 827 1748; x_wconf 90' lang='lat' dir='ltr'>in</span> <span class='ocrx_word' id='word_1_276' title='bbox 845 1711 915 1748; x_wconf 74' lang='lat' dir='ltr'>viis</span> <span class='ocrx_word' id='word_1_277' title='bbox 933 1711 1013 1749; x_wconf 85' lang='lat' dir='ltr'>suis</span> <span class='ocrx_word' id='word_1_278' title='bbox 1032 1716 1287 1761; x_wconf 85' lang='lat' dir='ltr'>prosperatur</span> <span class='ocrx_word' id='word_1_279' title='bbox 1304 1728 1312 1736; x_wconf 94' lang='lat'><em>·</em></span> <span class='ocrx_word' id='word_1_280' title='bbox 1346 1709 1523 1748; x_wconf 86' lang='lat' dir='ltr'>Tandem</span> 
     </span>
     <span class='ocr_line' id='line_1_29' title="bbox 101 1766 1521 1818; baseline -0.001 -12"><span class='ocrx_word' id='word_1_281' title='bbox 101 1780 190 1806; x_wconf 87' lang='lat' dir='ltr'>cum</span> <span class='ocrx_word' id='word_1_282' title='bbox 214 1768 427 1818; x_wconf 75' lang='lat' dir='ltr'>captivatus</span> <span class='ocrx_word' id='word_1_283' title='bbox 451 1766 566 1805; x_wconf 88' lang='lat' dir='ltr'>iudici</span> <span class='ocrx_word' id='word_1_284' title='bbox 591 1766 756 1804; x_wconf 85' lang='lat' dir='ltr'>traditur</span> <span class='ocrx_word' id='word_1_285' title='bbox 779 1773 815 1805; x_wconf 89' lang='lat' dir='ltr'>et</span> <span class='ocrx_word' id='word_1_286' title='bbox 838 1767 1111 1817; x_wconf 89' lang='lat' dir='ltr'>dampnandus</span> <span class='ocrx_word' id='word_1_287' title='bbox 1141 1766 1280 1805; x_wconf 86' lang='lat' dir='ltr'>ductus</span> <span class='ocrx_word' id='word_1_288' title='bbox 1313 1772 1371 1804; x_wconf 84' lang='lat' dir='ltr'>est</span> <span class='ocrx_word' id='word_1_289' title='bbox 1400 1766 1521 1805; x_wconf 87' lang='lat' dir='ltr'>eciam</span> 
     </span>
     <span class='ocr_line' id='line_1_30' title="bbox 100 1822 1522 1873; baseline -0.001 -11"><span class='ocrx_word' id='word_1_290' title='bbox 100 1824 148 1862; x_wconf 87' lang='lat' dir='ltr'>ad</span> <span class='ocrx_word' id='word_1_291' title='bbox 175 1826 279 1862; x_wconf 84' lang='lat' dir='ltr'>furta</span> <span class='ocrx_word' id='word_1_292' title='bbox 301 1823 500 1862; x_wconf 80' lang='lat' dir='ltr'>furtorum</span> <span class='ocrx_word' id='word_1_293' title='bbox 523 1822 672 1861; x_wconf 75' lang='lat' dir='ltr'>solvere</span> <span class='ocrx_word' id='word_1_294' title='bbox 694 1835 815 1873; x_wconf 83' lang='lat' dir='ltr'>penas</span> <span class='ocrx_word' id='word_1_295' title='bbox 833 1842 841 1849; x_wconf 91' lang='lat'><strong>·</strong></span> <span class='ocrx_word' id='word_1_296' title='bbox 877 1823 977 1862; x_wconf 89' lang='lat' dir='ltr'>Dum</span> <span class='ocrx_word' id='word_1_297' title='bbox 1010 1835 1100 1873; x_wconf 81' lang='lat' dir='ltr'>ergo</span> <span class='ocrx_word' id='word_1_298' title='bbox 1133 1823 1187 1861; x_wconf 85' lang='lat' dir='ltr'>sic</span> <span class='ocrx_word' id='word_1_299' title='bbox 1208 1823 1394 1867; x_wconf 87' lang='lat' dir='ltr'>trahitur,</span> <span class='ocrx_word' id='word_1_300' title='bbox 1428 1822 1522 1860; x_wconf 91' lang='lat' dir='ltr'>dum</span> 
     </span>
     <span class='ocr_line' id='line_1_31' title="bbox 100 1878 1520 1930; baseline -0.001 -13"><span class='ocrx_word' id='word_1_301' title='bbox 100 1880 260 1919; x_wconf 78' lang='lat' dir='ltr'>viriliter</span> <span class='ocrx_word' id='word_1_302' title='bbox 286 1886 492 1920; x_wconf 82' lang='lat' dir='ltr'>tractatus,</span> <span class='ocrx_word' id='word_1_303' title='bbox 523 1880 728 1917; x_wconf 83' lang='lat' dir='ltr'>sathanam</span> <span class='ocrx_word' id='word_1_304' title='bbox 758 1879 799 1917; x_wconf 90' lang='lat' dir='ltr'>in</span> <span class='ocrx_word' id='word_1_305' title='bbox 829 1892 906 1930; x_wconf 88' lang='lat' dir='ltr'>quo</span> <span class='ocrx_word' id='word_1_306' title='bbox 935 1879 1206 1918; x_wconf 86' lang='lat' dir='ltr'>conlidebatur</span> <span class='ocrx_word' id='word_1_307' title='bbox 1235 1879 1410 1917; x_wconf 73' lang='lat' dir='ltr'>invocat·</span> <span class='ocrx_word' id='word_1_308' title='bbox 1447 1878 1520 1924; x_wconf 88' lang='lat' dir='ltr'>Qui</span> 
     </span>
     <span class='ocr_line' id='line_1_32' title="bbox 99 1934 1522 1987; baseline -0.001 -13"><span class='ocrx_word' id='word_1_309' title='bbox 99 1936 280 1987; x_wconf 88' lang='lat' dir='ltr'>protinus</span> <span class='ocrx_word' id='word_1_310' title='bbox 303 1943 434 1975; x_wconf 89' lang='lat' dir='ltr'>astans</span> <span class='ocrx_word' id='word_1_311' title='bbox 456 1936 528 1974; x_wconf 91' lang='lat' dir='ltr'>ait:</span> <span class='ocrx_word' id='word_1_312' title='bbox 553 1936 664 1978; x_wconf 67' lang='lat' dir='ltr'>Ecce,</span> <span class='ocrx_word' id='word_1_313' title='bbox 686 1948 818 1974; x_wconf 85' lang='lat' dir='ltr'>assum</span> <span class='ocrx_word' id='word_1_314' title='bbox 840 1947 890 1973; x_wconf 90' lang='lat' dir='ltr'>ne</span> <span class='ocrx_word' id='word_1_315' title='bbox 913 1936 1066 1975; x_wconf 87' lang='lat' dir='ltr'>dubites</span> <span class='ocrx_word' id='word_1_316' title='bbox 1084 1955 1092 1962; x_wconf 94' lang='lat'><strong>·</strong></span> <span class='ocrx_word' id='word_1_317' title='bbox 1128 1936 1276 1974; x_wconf 84' lang='lat' dir='ltr'>Deinde</span> <span class='ocrx_word' id='word_1_318' title='bbox 1293 1947 1382 1973; x_wconf 90' lang='lat' dir='ltr'>cum</span> <span class='ocrx_word' id='word_1_319' title='bbox 1401 1935 1447 1973; x_wconf 88' lang='lat' dir='ltr'>ad</span> <span class='ocrx_word' id='word_1_320' title='bbox 1464 1934 1522 1973; x_wconf 94' lang='lat' dir='ltr'>lo-</span> 
     </span>
     <span class='ocr_line' id='line_1_33' title="bbox 100 1992 1523 2042; baseline -0.002 -11"><span class='ocrx_word' id='word_1_321' title='bbox 100 2005 189 2031; x_wconf 91' lang='lat' dir='ltr'>cum</span> <span class='ocrx_word' id='word_1_322' title='bbox 211 1993 400 2032; x_wconf 86' lang='lat' dir='ltr'>tormenti</span> <span class='ocrx_word' id='word_1_323' title='bbox 422 1992 525 2031; x_wconf 73' lang='lat' dir='ltr'>venit</span> <span class='ocrx_word' id='word_1_324' title='bbox 549 1992 695 2031; x_wconf 85' lang='lat' dir='ltr'>iterum</span> <span class='ocrx_word' id='word_1_325' title='bbox 718 1992 922 2031; x_wconf 90' lang='lat' dir='ltr'>dominum</span> <span class='ocrx_word' id='word_1_326' title='bbox 941 2004 1056 2031; x_wconf 88' lang='lat' dir='ltr'>suum</span> <span class='ocrx_word' id='word_1_327' title='bbox 1075 1998 1185 2030; x_wconf 75' lang='lat' dir='ltr'>vocat</span> <span class='ocrx_word' id='word_1_328' title='bbox 1202 2010 1210 2019; x_wconf 92' lang='lat'><strong>·</strong></span> <span class='ocrx_word' id='word_1_329' title='bbox 1245 1992 1316 2030; x_wconf 89' lang='lat' dir='ltr'>Cui</span> <span class='ocrx_word' id='word_1_330' title='bbox 1333 1992 1523 2042; x_wconf 90' lang='lat' dir='ltr'>dampna-</span> 
     </span>
     <span class='ocr_line' id='line_1_34' title="bbox 98 2047 1524 2099; baseline -0.001 -12"><span class='ocrx_word' id='word_1_331' title='bbox 98 2055 231 2088; x_wconf 84' lang='lat' dir='ltr'>torum</span> <span class='ocrx_word' id='word_1_332' title='bbox 249 2049 450 2088; x_wconf 91' lang='lat' dir='ltr'>dominus:</span> <span class='ocrx_word' id='word_1_333' title='bbox 474 2049 650 2093; x_wconf 81' lang='lat' dir='ltr'>Pac-iens,</span> <span class='ocrx_word' id='word_1_334' title='bbox 667 2049 808 2099; x_wconf 86' lang='lat' dir='ltr'>inquit,</span> <span class='ocrx_word' id='word_1_335' title='bbox 825 2048 864 2086; x_wconf 88' lang='lat' dir='ltr'>in</span> <span class='ocrx_word' id='word_1_336' title='bbox 877 2049 1062 2088; x_wconf 88' lang='lat' dir='ltr'>omnibus</span> <span class='ocrx_word' id='word_1_337' title='bbox 1079 2049 1167 2099; x_wconf 90' lang='lat' dir='ltr'>quia</span> <span class='ocrx_word' id='word_1_338' title='bbox 1185 2048 1380 2099; x_wconf 86' lang='lat' dir='ltr'>paciencia</span> <span class='ocrx_word' id='word_1_339' title='bbox 1393 2047 1524 2085; x_wconf 87' lang='lat' dir='ltr'>omnia</span> 
     </span>
     <span class='ocr_line' id='line_1_35' title="bbox 100 2105 1523 2157; baseline -0.001 -14"><span class='ocrx_word' id='word_1_340' title='bbox 100 2105 219 2144; x_wconf 86' lang='lat' dir='ltr'>vincit</span> <span class='ocrx_word' id='word_1_341' title='bbox 236 2124 244 2133; x_wconf 94' lang='lat'><strong>·</strong></span> <span class='ocrx_word' id='word_1_342' title='bbox 277 2105 453 2144; x_wconf 86' lang='lat' dir='ltr'>Tandem</span> <span class='ocrx_word' id='word_1_343' title='bbox 476 2117 565 2143; x_wconf 82' lang='lat' dir='ltr'>vero</span> <span class='ocrx_word' id='word_1_344' title='bbox 594 2106 732 2156; x_wconf 87' lang='lat' dir='ltr'>laqueo</span> <span class='ocrx_word' id='word_1_345' title='bbox 762 2106 900 2144; x_wconf 77' lang='lat' dir='ltr'>cervici</span> <span class='ocrx_word' id='word_1_346' title='bbox 921 2105 1105 2157; x_wconf 85' lang='lat' dir='ltr'>imposito</span> <span class='ocrx_word' id='word_1_347' title='bbox 1134 2105 1250 2143; x_wconf 88' lang='lat' dir='ltr'>tertio</span> <span class='ocrx_word' id='word_1_348' title='bbox 1273 2105 1523 2143; x_wconf 85' lang='lat' dir='ltr'>defensorem</span> 
     </span>
     <span class='ocr_line' id='line_1_36' title="bbox 99 2161 1520 2213; baseline -0.001 -13"><span class='ocrx_word' id='word_1_349' title='bbox 99 2174 214 2200; x_wconf 89' lang='lat' dir='ltr'>suum</span> <span class='ocrx_word' id='word_1_350' title='bbox 226 2162 380 2201; x_wconf 73' lang='lat' dir='ltr'>invocat</span> <span class='ocrx_word' id='word_1_351' title='bbox 391 2162 537 2200; x_wconf 89' lang='lat' dir='ltr'>dicens:</span> <span class='ocrx_word' id='word_1_352' title='bbox 552 2161 771 2200; x_wconf 75' lang='lat' dir='ltr'>Necessitas</span> <span class='ocrx_word' id='word_1_353' title='bbox 780 2173 914 2201; x_wconf 67' lang='lat' dir='ltr'>verum</span> <span class='ocrx_word' id='word_1_354' title='bbox 925 2162 1038 2200; x_wconf 81' lang='lat' dir='ltr'>amic-i</span> <span class='ocrx_word' id='word_1_355' title='bbox 1049 2161 1185 2213; x_wconf 90' lang='lat' dir='ltr'>probat</span> <span class='ocrx_word' id='word_1_356' title='bbox 1196 2161 1520 2212; x_wconf 84' lang='lat' dir='ltr'>experimentum,</span> 
     </span>
     <span class='ocr_line' id='line_1_37' title="bbox 98 2218 1523 2270; baseline -0.001 -15"><span class='ocrx_word' id='word_1_357' title='bbox 98 2229 190 2268; x_wconf 85' lang='lat' dir='ltr'>ergo</span> <span class='ocrx_word' id='word_1_358' title='bbox 213 2218 245 2256; x_wconf 85' lang='lat' dir='ltr'>si</span> <span class='ocrx_word' id='word_1_359' title='bbox 266 2219 358 2269; x_wconf 92' lang='lat' dir='ltr'>quid</span> <span class='ocrx_word' id='word_1_360' title='bbox 381 2224 492 2269; x_wconf 88' lang='lat' dir='ltr'>potes</span> <span class='ocrx_word' id='word_1_361' title='bbox 513 2218 651 2257; x_wconf 81' lang='lat' dir='ltr'>adiuva</span> <span class='ocrx_word' id='word_1_362' title='bbox 673 2219 779 2269; x_wconf 91' lang='lat' dir='ltr'>quod</span> <span class='ocrx_word' id='word_1_363' title='bbox 797 2224 953 2269; x_wconf 88' lang='lat' dir='ltr'>tempus</span> <span class='ocrx_word' id='word_1_364' title='bbox 970 2218 1141 2270; x_wconf 88' lang='lat' dir='ltr'>postulat</span> <span class='ocrx_word' id='word_1_365' title='bbox 1163 2224 1201 2256; x_wconf 90' lang='lat' dir='ltr'>et</span> <span class='ocrx_word' id='word_1_366' title='bbox 1225 2230 1308 2256; x_wconf 90' lang='lat' dir='ltr'>res·</span> <span class='ocrx_word' id='word_1_367' title='bbox 1323 2218 1462 2256; x_wconf 75' lang='lat' dir='ltr'>Moneo</span> <span class='ocrx_word' id='word_1_368' title='bbox 1484 2222 1523 2255; x_wconf 85' lang='lat' dir='ltr'>te</span> 
     </span>
     <span class='ocr_line' id='line_1_38' title="bbox 98 2273 1523 2325; baseline -0.001 -13"><span class='ocrx_word' id='word_1_369' title='bbox 98 2285 169 2325; x_wconf 90' lang='lat' dir='ltr'>per</span> <span class='ocrx_word' id='word_1_370' title='bbox 190 2274 315 2313; x_wconf 87' lang='lat' dir='ltr'>albam</span> <span class='ocrx_word' id='word_1_371' title='bbox 337 2276 490 2325; x_wconf 88' lang='lat' dir='ltr'>spinam</span> <span class='ocrx_word' id='word_1_372' title='bbox 513 2287 588 2325; x_wconf 88' lang='lat' dir='ltr'>que</span> <span class='ocrx_word' id='word_1_373' title='bbox 611 2275 737 2312; x_wconf 88' lang='lat' dir='ltr'>nostri</span> <span class='ocrx_word' id='word_1_374' title='bbox 758 2274 900 2314; x_wconf 84' lang='lat' dir='ltr'>federis</span> <span class='ocrx_word' id='word_1_375' title='bbox 923 2281 981 2314; x_wconf 89' lang='lat' dir='ltr'>est</span> <span class='ocrx_word' id='word_1_376' title='bbox 1001 2275 1115 2313; x_wconf 85' lang='lat' dir='ltr'>testis</span> <span class='ocrx_word' id='word_1_377' title='bbox 1135 2280 1173 2313; x_wconf 90' lang='lat' dir='ltr'>et</span> <span class='ocrx_word' id='word_1_378' title='bbox 1190 2274 1305 2313; x_wconf 88' lang='lat' dir='ltr'>obses</span> <span class='ocrx_word' id='word_1_379' title='bbox 1322 2293 1330 2300; x_wconf 95' lang='lat'><strong>·</strong></span> <span class='ocrx_word' id='word_1_380' title='bbox 1365 2273 1413 2311; x_wconf 88' lang='lat' dir='ltr'>Et</span> <span class='ocrx_word' id='word_1_381' title='bbox 1430 2273 1523 2323; x_wconf 73' lang='lat' dir='ltr'>dya-</span> 
     </span>
     <span class='ocr_line' id='line_1_39' title="bbox 98 2330 1523 2382; baseline -0.002 -13"><span class='ocrx_word' id='word_1_382' title='bbox 98 2330 212 2369; x_wconf 86' lang='lat' dir='ltr'>bolus</span> <span class='ocrx_word' id='word_1_383' title='bbox 237 2331 309 2369; x_wconf 88' lang='lat' dir='ltr'>ait:</span> <span class='ocrx_word' id='word_1_384' title='bbox 341 2332 508 2369; x_wconf 74' lang='lat' dir='ltr'>Attenus</span> <span class='ocrx_word' id='word_1_385' title='bbox 538 2343 675 2369; x_wconf 86' lang='lat' dir='ltr'>secure</span> <span class='ocrx_word' id='word_1_386' title='bbox 706 2331 879 2370; x_wconf 88' lang='lat' dir='ltr'>militasti</span> <span class='ocrx_word' id='word_1_387' title='bbox 907 2343 1025 2382; x_wconf 87' lang='lat' dir='ltr'>opera</span> <span class='ocrx_word' id='word_1_388' title='bbox 1055 2337 1189 2370; x_wconf 87' lang='lat' dir='ltr'>nostra</span> <span class='ocrx_word' id='word_1_389' title='bbox 1207 2349 1215 2357; x_wconf 91' lang='lat'><strong>·</strong></span> <span class='ocrx_word' id='word_1_390' title='bbox 1250 2330 1362 2368; x_wconf 77' lang='lat' dir='ltr'>Nunc</span> <span class='ocrx_word' id='word_1_391' title='bbox 1390 2335 1523 2367; x_wconf 89' lang='lat' dir='ltr'>autem</span> 
     </span>
     <span class='ocr_line' id='line_1_40' title="bbox 98 2385 1523 2439; baseline -0.001 -14"><span class='ocrx_word' id='word_1_392' title='bbox 98 2387 304 2437; x_wconf 88' lang='lat' dir='ltr'>pulchrum</span> <span class='ocrx_word' id='word_1_393' title='bbox 328 2393 387 2426; x_wconf 91' lang='lat' dir='ltr'>est</span> <span class='ocrx_word' id='word_1_394' title='bbox 408 2388 536 2426; x_wconf 82' lang='lat' dir='ltr'>videre</span> <span class='ocrx_word' id='word_1_395' title='bbox 559 2387 683 2438; x_wconf 88' lang='lat' dir='ltr'>qualis</span> <span class='ocrx_word' id='word_1_396' title='bbox 706 2387 817 2426; x_wconf 88' lang='lat' dir='ltr'>miles</span> <span class='ocrx_word' id='word_1_397' title='bbox 841 2388 934 2426; x_wconf 81' lang='lat' dir='ltr'>velis</span> <span class='ocrx_word' id='word_1_398' title='bbox 952 2401 1037 2427; x_wconf 89' lang='lat' dir='ltr'>esse</span> <span class='ocrx_word' id='word_1_399' title='bbox 1054 2399 1124 2439; x_wconf 89' lang='lat' dir='ltr'>per</span> <span class='ocrx_word' id='word_1_400' title='bbox 1140 2393 1203 2426; x_wconf 88' lang='lat' dir='ltr'>te·</span> <span class='ocrx_word' id='word_1_401' title='bbox 1240 2386 1280 2425; x_wconf 87' lang='lat' dir='ltr'>Si</span> <span class='ocrx_word' id='word_1_402' title='bbox 1302 2385 1418 2424; x_wconf 89' lang='lat' dir='ltr'>michi</span> <span class='ocrx_word' id='word_1_403' title='bbox 1437 2397 1523 2423; x_wconf 90' lang='lat' dir='ltr'>cre-</span> 
     </span>
     <span class='ocr_line' id='line_1_41' title="bbox 98 2442 1522 2495; baseline -0.001 -14"><span class='ocrx_word' id='word_1_404' title='bbox 98 2443 242 2482; x_wconf 89' lang='lat' dir='ltr'>dideris</span> <span class='ocrx_word' id='word_1_405' title='bbox 264 2455 423 2494; x_wconf 85' lang='lat' dir='ltr'>semper</span> <span class='ocrx_word' id='word_1_406' title='bbox 445 2456 588 2494; x_wconf 87' lang='lat' dir='ltr'>egenus</span> <span class='ocrx_word' id='word_1_407' title='bbox 607 2443 684 2482; x_wconf 89' lang='lat' dir='ltr'>eris</span> <span class='ocrx_word' id='word_1_408' title='bbox 710 2463 717 2470; x_wconf 92' lang='lat'>·</span> <span class='ocrx_word' id='word_1_409' title='bbox 751 2444 1021 2483; x_wconf 83' lang='lat' dir='ltr'>Moralitas.</span> <span class='ocrx_word' id='word_1_410' title='bbox 1054 2445 1156 2495; x_wconf 88' lang='lat' dir='ltr'>Sepe</span> <span class='ocrx_word' id='word_1_411' title='bbox 1175 2443 1350 2482; x_wconf 78' lang='lat' dir='ltr'>videmus</span> <span class='ocrx_word' id='word_1_412' title='bbox 1369 2442 1522 2480; x_wconf 82' lang='lat' dir='ltr'>fallaces</span> 
     </span>
    </p>
   </div>
   <div class='ocr_carea' id='block_1_6' title="bbox 189 2541 1239 2585">
    <p class='ocr_par' dir='ltr' id='par_1_7' title="bbox 189 2541 1239 2585">
     <span class='ocr_line' id='line_1_42' title="bbox 189 2541 1239 2585; baseline 0 -12"><span class='ocrx_word' id='word_1_413' title='bbox 189 2552 263 2584; x_wconf 82' lang='lat' dir='ltr'>app.</span> <span class='ocrx_word' id='word_1_414' title='bbox 283 2542 335 2574; x_wconf 83' lang='lat'>35.</span> <span class='ocrx_word' id='word_1_415' title='bbox 363 2542 440 2574; x_wconf 84' lang='lat' dir='ltr'>eod.</span> <span class='ocrx_word' id='word_1_416' title='bbox 462 2541 613 2583; x_wconf 85' lang='lat' dir='ltr'>Gotting.</span> <span class='ocrx_word' id='word_1_417' title='bbox 633 2543 685 2575; x_wconf 67' lang='lat'>38.</span> <span class='ocrx_word' id='word_1_418' title='bbox 715 2542 821 2576; x_wconf 80' lang='lat' dir='ltr'>Marie</span> <span class='ocrx_word' id='word_1_419' title='bbox 841 2543 890 2575; x_wconf 77' lang='lat'>72.</span> <span class='ocrx_word' id='word_1_420' title='bbox 919 2543 1118 2575; x_wconf 83' lang='lat' dir='ltr'>Lafontaine</span> <span class='ocrx_word' id='word_1_421' title='bbox 1138 2544 1168 2585; x_wconf 88' lang='lat'>5,</span> <span class='ocrx_word' id='word_1_422' title='bbox 1190 2543 1239 2576; x_wconf 89' lang='lat'>11.</span> 
     </span>
    </p>
   </div>
   <div class='ocr_carea' id='block_1_7' title="bbox 1553 719 1590 749">
    <p class='ocr_par' dir='ltr' id='par_1_8' title="bbox 1553 719 1590 749">
     <span class='ocr_line' id='line_1_43' title="bbox 1553 719 1590 749; baseline 0 -1"><span class='ocrx_word' id='word_1_423' title='bbox 1553 719 1590 749; x_wconf 80' lang='lat' dir='ltr'>lo</span> 
     </span>
    </p>
   </div>
   <div class='ocr_carea' id='block_1_8' title="bbox 1555 1001 1591 1032">
    <p class='ocr_par' dir='ltr' id='par_1_9' title="bbox 1555 1001 1591 1032">
     <span class='ocr_line' id='line_1_44' title="bbox 1555 1001 1591 1032; baseline -0.028 0"><span class='ocrx_word' id='word_1_424' title='bbox 1555 1001 1591 1032; x_wconf 90' lang='grc'>15</span> 
     </span>
    </p>
   </div>
   <div class='ocr_carea' id='block_1_9' title="bbox 1551 1325 1593 1357">
    <p class='ocr_par' dir='ltr' id='par_1_10' title="bbox 1551 1325 1593 1357">
     <span class='ocr_line' id='line_1_45' title="bbox 1551 1325 1593 1357; baseline 0.024 -1"><span class='ocrx_word' id='word_1_425' title='bbox 1551 1325 1593 1357; x_wconf 83' lang='grc'>20</span> 
     </span>
    </p>
   </div>
   <div class='ocr_carea' id='block_1_10' title="bbox 1551 1606 1592 1638">
    <p class='ocr_par' dir='ltr' id='par_1_11' title="bbox 1551 1606 1592 1638">
     <span class='ocr_line' id='line_1_46' title="bbox 1551 1606 1592 1638; baseline 0.024 -1"><span class='ocrx_word' id='word_1_426' title='bbox 1551 1606 1592 1638; x_wconf 85' lang='grc'>25</span> 
     </span>
    </p>
   </div>
   <div class='ocr_carea' id='block_1_11' title="bbox 1550 1886 1592 1918">
    <p class='ocr_par' dir='ltr' id='par_1_12' title="bbox 1550 1886 1592 1918">
     <span class='ocr_line' id='line_1_47' title="bbox 1550 1886 1592 1918; baseline -0.024 -4"><span class='ocrx_word' id='word_1_427' title='bbox 1550 1886 1567 1918; x_wconf 82' lang='grc'>3</span> <span class='ocrx_word' id='word_1_428' title='bbox 1573 1887 1592 1918; x_wconf 84' lang='lat'>0</span> 
     </span>
    </p>
   </div>
   <div class='ocr_carea' id='block_1_12' title="bbox 1551 2166 1592 2198">
    <p class='ocr_par' dir='ltr' id='par_1_13' title="bbox 1551 2166 1592 2198">
     <span class='ocr_line' id='line_1_48' title="bbox 1551 2166 1592 2198; baseline 0 0"><span class='ocrx_word' id='word_1_429' title='bbox 1551 2166 1592 2198; x_wconf 86' lang='lat'>35</span> 
     </span>
    </p>
   </div>
  </div>
 </body>
</html>
