1659 2796
97 151 191 184 ΑΡΡ.
213 151 266 183 27.
1475 152 1528 191 99

99 253 226 292 subita
254 252 472 303 irreptione
493 253 699 303 perterrita
730 253 1000 303 unguiumque
1032 258 1224 303 punctura
1235 266 1271 291 m
1300 265 1378 291 non
1404 253 1528 292 susti-

99 321 214 355 nens,
238 309 370 360 ejectis
393 322 413 348 a
435 314 544 360 parte
567 309 775 360 posteriori
797 310 957 355 fecibus,
990 309 1158 360 aquilam
1182 315 1220 347 et
1242 322 1329 348 aves
1353 314 1526 348 caeteras

100 378 222 418 prope
244 371 393 404 stantes
416 365 581 403 foedavit
608 387 615 394 -
644 368 742 404 Cum
765 371 894 405 autem
919 365 966 404 ab
990 365 1184 416 accipitris
1214 365 1413 415 unguibus
1438 378 1528 404 eva-

99 423 215 461 sisset
237 421 360 460 nimio
381 424 542 460 confusa
566 422 727 473 pudore,
758 422 905 461 scilicet
927 434 973 459 eo
997 422 1102 473 quod
1132 422 1327 461 acciderat
1358 435 1377 459 e
1407 421 1526 472 patria

100 479 272 529 fugiens,
306 479 347 516 in
370 478 500 528 ignota
522 478 680 528 regione
702 479 896 529 disposuit
925 490 1181 523 conversar03
1219 484 1376 529 arrepto
1407 478 1524 528 igitur

100 535 254 581 itinere,
277 547 366 573 cum
390 534 435 573 ad
461 534 580 572 maris
602 535 774 573 medium
794 535 1046 585 provolasset,
1066 540 1263 573 mouettae
1283 535 1436 573 cuidam
1454 534 1527 572 ob-

101 591 235 637 viavit,
268 603 366 642 quae
397 603 490 629 suae
513 591 771 641 navigationis
803 604 960 630 causam
996 591 1207 641 quaesivit:
1241 604 1411 642 cumque
1433 603 1526 641 grus

102 647 206 699 quod
227 647 300 686 sibi
317 647 507 686 acciderat
525 653 756 694 enarrasset,
776 648 966 698 quaesivit
986 653 1159 686 mouetta
1178 660 1225 686 an
1244 654 1332 698 post
1349 660 1390 686 se
1408 659 1525 686 anum

102 716 219 743 suum
241 704 466 755 reliquisset
485 725 492 732 ·
512 704 612 742 Grus
635 704 840 755 respondit
863 704 969 754 quod
993 716 1085 750 non,
1109 704 1233 742 immo
1251 704 1357 742 illum
1383 703 1528 754 ubique

102 765 278 813 portaret
305 781 312 789 ·
340 760 509 799 Consulo
539 760 666 811 igitur,
698 760 826 811 iuquit
855 765 1042 805 mouetta,
1075 766 1118 799 ut
1144 760 1301 798 rediens
1330 760 1369 798 in
1402 760 1523 811 patria

103 816 262 868 propria
284 817 528 855 converseris
552 838 560 845 ·
579 816 724 855 Eadem
747 816 826 856 sive
848 817 1064 856 consimilis
1087 816 1318 855 inhonestas
1340 816 1410 855 tibi
1433 828 1528 855 con-

105 873 253 925 tingere
275 878 408 924 posset
431 873 470 911 in
493 873 563 912 alia
585 874 744 923 regione
763 895 770 902 ·
795 874 865 912 Cui
887 886 980 923 grus
1002 873 1251 912 consentiens
1274 879 1334 912 est
1356 885 1526 911 reversa.

219 929 282 968 Sic
303 929 480 981 pluribus
502 929 642 969 accidit
663 930 729 981 qui
753 936 958 981 postquam
979 930 1019 968 in
1034 930 1157 981 patria
1176 942 1244 969 sua
1263 929 1527 980 deliquerunt,

103 986 269 1025 infames
299 986 425 1025 ess'ecti
446 987 485 1025 in
509 991 654 1025 terram
678 986 843 1026 alienam
868 986 1021 1036 fugiunt
1045 985 1111 1024 ubi
1134 992 1219 1037 post
1245 986 1406 1025 modum
1429 997 1528 1024 con-

102 1043 228 1082 simile
251 1043 307 1081 vel
331 1043 441 1093 pejus
464 1043 649 1081 delictum
668 1043 893 1088 incurrunt3
915 1055 994 1081 non
1013 1055 1113 1081 nova
1131 1043 1266 1094 patria,
1284 1042 1350 1081 sed
1369 1042 1526 1081 animus

105 1099 331 1138 mutandus.

507 1165 573 1205 28.
635 1166 796 1205 LUPUS
829 1166 1125 1205 POENITENS.

220 1234 354 1285 Lupus
376 1234 532 1285 quidam
557 1234 604 1272 de
626 1234 841 1273 malefactis
872 1234 952 1272 suis
975 1234 1180 1285 poenitere
1204 1234 1428 1285 disponens,
1459 1247 1529 1273 vo-

105 1291 160 1330 vit
176 1304 217 1330 se
235 1302 313 1329 non
331 1296 598 1330 comesturum
619 1303 755 1330 carnes
773 1303 792 1328 a
811 1291 1098 1341 septuagesima
1117 1303 1241 1341 usque
1258 1291 1303 1329 ad
1322 1290 1527 1342 pascham-

105 1348 360 1387 Postmodum
393 1359 483 1386 vero
514 1347 650 1386 videns
679 1347 875 1398 quoddam
904 1347 1048 1398 pingue
1079 1348 1295 1385 multonem
1330 1347 1458 1385 solum
1486 1347 1527 1386 in

104 1416 172 1443 ora
201 1405 373 1443 nemoris
402 1404 664 1455 gradientem:
696 1404 726 1441 O
750 1416 866 1454 quam
891 1403 1058 1442 libenter
1090 1404 1136 1442 dc
1160 1404 1234 1442 hoc
1262 1404 1439 1442 multone
1462 1416 1527 1442 co-

105 1461 327 1503 mederem,
356 1461 431 1499 nisi
453 1472 581 1499 essem
603 1466 693 1498 voto
716 1460 760 1498 ad
778 1460 976 1511 jejunium
1001 1458 1214 1510 obligatus!
1247 1460 1529 1499 Verumtamen

105 1530 151 1556 ex
173 1530 250 1568 quo
272 1518 378 1556 solus
397 1523 467 1563 est7
490 1516 565 1555 nisi
584 1528 651 1567 ego
671 1517 717 1555 de
736 1529 781 1555 eo
800 1516 1032 1561 curaverim,
1056 1517 1194 1567 aliquis
1213 1520 1313 1555 forte
1331 1517 1403 1555 hac
1420 1521 1529 1568 parte

103 1574 301 1612 transiens
324 1585 414 1612 eum
438 1572 545 1612 tollet
564 1593 571 1600 ·
590 1573 758 1623 Expedit
780 1573 898 1623 igitur
919 1580 962 1611 ut
984 1573 1068 1612 loco
1087 1573 1205 1611 unius
1228 1573 1413 1611 salmonis
1437 1585 1527 1612 eum

105 1630 322 1674 comedam,
348 1642 436 1668 cum
458 1630 604 1668 salmus
628 1630 677 1668 sit
701 1629 810 1668 cibus
833 1629 1031 1668 delicatior
1053 1635 1091 1668 et
1113 1629 1186 1667 hoc
1202 1629 1527 1680 quadragesimali

106 1693 283 1738 tempore
302 1687 430 1725 carius
448 1686 569 1725 uendi
587 1691 740 1736 posset;
758 1686 977 1725 multonem
997 1686 1126 1737 itaque
1143 1686 1271 1737 rapuit
1290 1691 1327 1724 et
1344 1686 1526 1725 comedit.

219 1743 280 1782 Sic
304 1749 363 1782 est
385 1743 433 1781 de
455 1742 691 1793 quibusdam
715 1742 780 1794 qui
805 1743 997 1781 malorum
1021 1742 1229 1781 assuedine
1259 1742 1434 1781 animum
1458 1743 1529 1782 ba-

104 1799 198 1838 hent
220 1799 272 1838 ita
294 1812 536 1851 perversum,
558 1806 602 1837 ut
620 1811 708 1838 cum
728 1811 886 1838 suarum
907 1799 1176 1838 illecebrarum
1196 1798 1436 1838 desiderium
1455 1812 1529 1838 nec

97 1857 367 1908 juramentum
391 1856 515 1894 valeat
536 1867 608 1894 nec
630 1861 778 1902 votum,
809 1856 1044 1906 quinimmo,
1076 1862 1187 1894 nacta
1218 1856 1390 1907 quolibet
1414 1868 1528 1895 occa-

103 1914 294 1959 siuncula,
319 1913 502 1964 protinus
526 1912 712 1951 recidant.

479 2003 545 2042 29.
615 2004 857 2043 RL'STICLTS
889 2004 952 2042 ET
985 2004 1156 2042 BOYES.

220 2072 400 2111 Rusticus
429 2072 588 2123 quidam
619 2072 784 2110 extraxit
813 2084 901 2110 cum
931 2072 1058 2111 bobus
1088 2072 1168 2111 suis
1197 2073 1243 2111 de
1273 2073 1427 2111 stabulo
1457 2085 1529 2111 suo

106 2128 241 2166 fimum
266 2141 383 2179 quem
407 2128 553 2167 ibidem
575 2128 750 2167 fecerant
771 2128 890 2167 iidem
912 2129 1031 2167 boves
1057 2151 1064 2158 ·
1090 2128 1147 2167 Illi
1176 2134 1307 2168 autem
1330 2130 1531 2180 imprope-

107 2191 295 2223 raverunt
311 2186 458 2224 rustico
477 2186 720 2224 frumentum
739 2190 776 2223 et
798 2185 990 2223 hordeum
1013 2186 1251 2236 acquisitum
1272 2186 1449 2237 ipsorum
1471 2187 1531 2224 la-

107 2241 283 2286 boribus,
307 2242 449 2293 quibus
472 2242 555 2293 ipse
575 2248 613 2280 et
631 2243 770 2280 domus
789 2254 858 2280 sua
877 2243 1203 2281 sustentationem
1223 2256 1241 2281 a
1261 2243 1393 2281 multis
1411 2242 1525 2281 annis

106 2297 323 2338 habuerant
345 2298 435 2337 satis
457 2299 648 2349 amplam;
680 2299 788 2338 illum
811 2299 964 2338 deceret
987 2312 1053 2338 eos
1076 2304 1154 2337 tam
1178 2300 1317 2337 vilibus
1342 2299 1528 2349 operibus

199 2458 270 2490 app.
291 2447 341 2478 23.
371 2447 618 2480 R0111.R0b.14.
645 2447 751 2480 Marie
771 2447 970 2488 73,vg1.83.
998 2448 1150 2488 Legi-and
1162 2448 1281 2488 4‚214.
1309 2447 1529 2489 YsopetL47.

107 2491 309 2524 Lafontaiue
333 2494 381 2533 10,
402 2494 438 2531 ὃς
461 2495 511 2531 12,
529 2495 558 2524 9.
586 2492 711 2525 Robert
729 2493 760 2532 2,
778 2494 853 2524 475.
881 2493 930 2524 Du
949 2491 1053 2525 Meril
1069 2492 1102 2523 S.
1122 2493 1172 2525 25.
1205 2494 1270 2533 vgl.
1291 2492 1458 2532 cognatus
1477 2494 1530 2523 49.

109 2581 131 2613 S
163 2548 270 2612 TrJapp.
291 2538 342 2569 29.
370 2538 460 2569 Rom.
481 2538 559 2570 Rob.
584 2540 632 2570 is.
662 2538 770 2570 Marie
788 2540 838 2570 55.
866 2537 1020 2579 Legrand
1041 2539 1073 2579 4,
1093 2539 1167 2569 229.
1211 2538 1278 2578 vgl.
1300 2539 1368 2570 Jac.
1390 2538 1529 2569 Pontan.

1247 2640 1294 2671 7*

1560 764 1597 797 10

1559 1045 1597 1078 15

1558 1637 1600 1669 25

1559 1922 1601 1954 30

1558 2258 1600 2289 35
