1659 2796
68 112 172 146 ROM.
191 112 223 153 2,
240 112 293 146 21.
1430 114 1481 153 63

69 215 168 268 pelle
192 220 344 254 mortua
369 219 449 252 est·
485 214 577 252 Ideo
601 214 673 253 hoc
695 214 872 266 exemplo
895 221 1031 253 cautus
1054 220 1138 253 esto
1169 214 1346 266 quisquis
1369 227 1483 267 supra

70 272 175 311 uires
198 278 283 310 tuas
305 283 419 322 agere
442 270 594 309 camaris
614 273 621 299 '-
641 277 679 309 et
702 272 781 310 noli
803 278 840 310 te
863 271 999 309 inflare
1022 283 1070 310 ne
1093 283 1240 323 crepes.

183 375 412 414 EXPLICIT
436 374 581 412 LIBER
605 375 858 413 SECVNDVS
893 396 900 403 ·
929 375 1109 414 INCIPIT
1133 375 1370 415 TERTIVS·

69 432 264 472 IIEBENT
296 430 559 470 l'OTEN'I'ES
587 431 829 481 [GRATIAM]
853 431 1086 470 REIJIJERE
1116 432 1179 470 ET
1211 433 1253 471 SI
1276 432 1483 471 LONGL'M

70 489 147 529 SIT
169 488 364 528 TEMPVS
387 488 584 527 OBLIVIO
602 488 724 526 ESSE
743 488 844 526 NON
865 488 1024 527 DEBET
1044 511 1051 518 -
1071 489 1171 527 ΝΛΜ
1197 490 1272 528 SIC
1288 489 1484 528 FACTVM

435 544 556 583 ESSE
578 544 775 583 PROBAT
799 545 894 585 IIEC
915 545 1117 584 FABVLA.

184 631 226 670 In
245 631 341 669 silua
359 642 447 669 cum
467 635 615 669 erraret
631 630 692 668 leo
710 631 899 670 festinans
920 653 926 659 ·
946 631 1086 683 stipem
1112 632 1276 671 calcauit
1294 655 1301 661 ·
1319 633 1484 672 Collecta

68 689 177 727 intus
209 688 339 726 sanius
372 686 585 725 claudicare
618 688 774 738 coepit·
802 688 896 727 Fera
928 688 1075 739 pastori
1107 702 1195 728 eum
1227 696 1482 728 occurreret·

68 745 189 784 cauda
211 757 281 783 sua
309 744 485 782 blandire
509 744 638 795 coepit
657 766 662 772 ·
682 744 881 795 Suspenso
901 745 1055 784 interim
1079 746 1204 797 pede·
1228 746 1486 785 Perturbatus

66 814 161 840 uero
183 807 316 852 pastor
343 806 385 839 ut
415 801 568 839 leonem
591 801 635 839 ad
669 814 710 839 se
745 802 877 840 uenire
906 802 1029 841 uidit·
1048 802 1218 853 pecudes
1251 803 1284 841 ei
1316 803 1483 842 obiecit·

66 864 208 909 putans
239 858 396 896 leonem
428 870 554 907 escam
587 870 776 908 querere·
813 858 880 897 sed
919 859 1047 910 potius
1086 860 1132 898 ab
1172 872 1216 897 eo
1248 860 1486 899 medicinam

69 914 283 966 querebat·
317 914 396 952 Nec
418 920 589 952 moratus
609 936 616 943 ·
635 913 802 965 pastoris
824 915 863 953 in
886 915 974 954 sinu
996 916 1128 967 posuit
1148 916 1288 967 pedem
1323 939 1330 946 ·
1350 916 1487 955 Pastor

68 978 112 1010 ut
130 971 226 1010 uidit
245 970 407 1010 uulnus·
423 976 461 1010 et
474 982 657 1021 magnam
670 972 1070 1011 contusionem-tuuc
1086 986 1238 1012 memor
1256 973 1312 1012 sui
1332 973 1488 1012 inuenit

71 1028 276 1079 ingenium
301 1049 308 1057 ·
333 1028 498 1078 sumpsit
520 1033 673 1066 acutam
702 1028 909 1067 subulam·
934 1034 971 1068 et
1001 1029 1184 1080 paulatim
1216 1031 1369 1081 aperuit
1397 1030 1486 1069 uul—

70 1097 146 1123 nus
170 1106 177 1113 ·
201 1084 395 1123 Patefacta
418 1090 478 1123 est
500 1084 680 1123 contusio
700 1106 707 1113 ·
727 1085 844 1124 simul
867 1091 905 1124 et
927 1085 1055 1137 stippe
1084 1087 1205 1125 effusa
1231 1109 1238 1116 ·
1262 1087 1339 1125 Leo
1361 1087 1487 1126 sensit

70 1141 320 1192 refrigerium
354 1163 361 1170 ·
392 1147 429 1179 et
457 1153 527 1192 pro
564 1141 692 1192 pretio
730 1142 923 1195 medicine
961 1155 1122 1182 manum
1152 1144 1318 1194 pastoris
1355 1144 1486 1194 lingua

68 1197 180 1237 linxit
205 1219 212 1227 ·
244 1197 397 1236 Assedit
426 1198 535 1236 lateri
565 1198 646 1236 eius
675 1219 682 1227 ·
710 1198 908 1249 paulisper
941 1199 1154 1250 resumpsit
1193 1200 1380 1239 uirtutem
1412 1223 1419 1230 ·
1451 1207 1488 1239 et

71 1254 165 1294 abiit
193 1253 400 1293 incolumis
429 1275 436 1283 ·
463 1254 557 1292 Post
593 1254 835 1305 aliquantum
874 1261 1031 1307 tempus
1063 1257 1121 1295 leo
1153 1256 1237 1308 ipse
1264 1258 1414 1308 eapitur
1445 1263 1487 1296 ut

71 1316 173 1350 esset
195 1311 235 1350 in
255 1323 371 1350 arena
390 1333 397 1340 ·
416 1316 454 1350 et
475 1318 650 1350 curreret
677 1310 731 1350 ibi
749 1333 756 1341 ·
775 1312 913 1351 Pastor
943 1312 1105 1352 crimine
1136 1326 1346 1365 oppressus
1375 1315 1488 1353 datur

135 1475 138 1479 ·
161 1460 213 1501 ΙΙΙ,
235 1461 262 1501 1]
281 1461 333 1501 III⁷
357 1463 369 1494 1
390 1461 425 1493 C.
453 1460 624 1500 Rirchhof,
645 1463 674 1502 1,
693 1461 768 1494 203.

163 1507 192 1538 3.
216 1506 370 1539 INCIPIT
385 1525 426 1529 —
449 1506 664 1548 REDDERE]
691 1506 993 1549 INCIPITJLIBER
1019 1507 1201 1543 TERTIL'S
1221 1535 1228 1541 .
1249 1510 1304 1542 DE
1325 1509 1488 1543 GRATIA

72 1552 308 1585 REDDENDA
324 1577 331 1584 .
347 1552 484 1593 (Rasur)
498 1557 653 1595 potentes
666 1553 941 1594 (eingesehaltet)
955 1554 1094 1593 gratiam
1110 1555 1231 1587 debent
1246 1557 1488 1598 reprehendere

74 1598 210 1630 miseris
228 1596 263 1628 C.

165 1644 196 1675 4.
222 1643 376 1684 gratiam]
396 1642 478 1675 fehlt
496 1643 560 1675 AB.
579 1662 622 1666 ——
640 1643 786 1683 miseris]
805 1642 887 1675 fehlt
904 1642 970 1676 AB.

167 1689 264 1720 5-0',
286 1689 340 1729 sit]
359 1689 494 1721 intersit
511 1689 544 1721 C.
564 1707 606 1711 ——
624 1688 870 1729 nam—fabula]
889 1687 975 1721 fehlt
992 1689 1026 1721 C.

166 1734 264 1766 7—9.
282 1733 435 1774 ln—sua]
460 1733 539 1765 Cum
558 1735 610 1766 leo
628 1735 659 1765 iu
679 1735 767 1766 silua
796 1740 924 1766 erraret
941 1735 1096 1777 (stirpem
1121 1736 1278 1776 calcauit)
1295 1741 1329 1768 et
1346 1737 1488 1769 collecta

76 1779 168 1812 sanie
177 1780 363 1811 claudicare
376 1780 496 1822 coepit.
506 1779 644 1819 (Rasur)
658 1780 698 1810 ad
715 1783 881 1822 pastorem
895 1780 1080 1822 proximum
1094 1782 1254 1813 accessit.
1265 1780 1325 1813 Cui
1339 1782 1441 1814 cauda
1451 1783 1484 1814 C.

166 1825 196 1856 7.
215 1824 344 1867 stipem]
365 1836 405 1856 zu
424 1825 551 1867 spinam
569 1825 728 1866 corrigirt
744 1825 784 1857 A.

167 1870 197 1902 8.
216 1871 342 1911 sanius]
362 1871 457 1902 sanie
475 1871 508 1901 Β.

166 1915 288 1948 9-11.
306 1916 727 1957 Perturbatus—querere]
745 1922 859 1958 pastor
878 1916 1008 1957 quidem
1026 1918 1240 1960 perturbatus
1258 1917 1400 1960 pecudes
1427 1919 1489 1959 (ei)

77 1960 221 1992 subiecit
238 1962 366 2001 (rasur)
384 1985 390 1992 .
410 1962 461 1993 leo
479 1972 558 1992 uero
578 1972 641 1993 non
659 1971 767 1994 escam
785 1971 926 2005 querens
945 1961 979 1994 C.

170 2008 221 2039 11.
248 2007 296 2046 eo]
316 2007 374 2038 illo
393 2007 427 2038 B.

172 2051 222 2083 12.
241 2052 536 2093 querebat—sinu]
557 2051 588 2082 in
608 2052 682 2084 sinu
700 2053 846 2095 pastoris
865 2051 899 2084 C.

171 2096 221 2128 13.
241 2097 337 2137 uidit]
355 2098 445 2129 tudit
464 2097 494 2128 B.

173 2141 223 2173 13.
240 2144 399 2183 magnam]
419 2143 655 2185 amplissimam
673 2143 708 2174 C.

170 2187 222 2218 13.
241 2188 331 2227 tuuc]
349 2192 381 2219 et
400 2188 429 2219 si
448 2189 481 2220 C.
498 2207 540 2211 —
559 2188 699 2228 inuenit]
719 2193 827 2219 tamen
846 2187 971 2220 inuenit
989 2187 1024 2221 C.

172 2234 222 2264 15.
242 2233 351 2273 simul]
373 2234 483 2264 sanies
501 2244 561 2265 aus
579 2243 660 2265 sana
678 2243 764 2265 corr.
785 2234 818 2265 C.

174 2278 312 2310 15—16.
332 2279 439 2320 stippe
458 2279 572 2318 effusa]
593 2279 695 2320 stirps
714 2278 895 2310 effunditur
913 2280 946 2311 C.
963 2297 1006 2301 —
1032 2284 1065 2311 et
1080 2281 1151 2322 pro]
1169 2285 1202 2312 et
1220 2285 1251 2311 et
1268 2290 1326 2322 pro
1344 2278 1382 2310 Α.

173 2324 251 2356 15——
264 2324 313 2356 16.
334 2323 572 2366 Leo—pretio]
589 2323 694 2355 Ferus
709 2329 820 2356 autem
838 2323 1051 2366 refrigerium
1069 2327 1229 2368 sumpsit.
1243 2330 1275 2357 et
1292 2325 1438 2367 precium
1453 2324 1487 2355 C.

172 2370 223 2400 17.
241 2369 387 2409 Assedit]
404 2370 632 2411 Assidensque
651 2370 684 2401 C.

172 2414 311 2447 13—19.
327 2414 659 2454 incolumis—datur]
670 2415 772 2446 multo
788 2419 862 2457 post
871 2416 1205 2458 temporeincolumis
1220 2416 1270 2446 leo
1283 2414 1414 2456 capitur
1425 2439 1430 2444 .
1441 2414 1493 2453 (ut

79 2459 124 2492 sit
149 2459 181 2490 in
210 2460 422 2501 amphiteatri
448 2460 508 2492 auf
526 2462 639 2500 rasur)
662 2470 763 2491 arena
790 2461 918 2501 (rasur)
944 2466 1058 2504 pastor
1076 2462 1330 2502 comprehensus
1354 2459 1491 2490 erimine

79 2505 252 2537 damnatus
269 2506 302 2537 C.

174 2551 222 2583 19.
243 2555 276 2582 et
290 2551 449 2590 curreret]
469 2555 501 2583 et
520 2561 592 2582 cum
610 2550 721 2583 ederet
738 2550 771 2582 B.

1513 809 1553 842 10

1514 1091 1554 1124 15
