1659 2774
56 741 95 774 10

58 1024 97 1056 15

53 1304 96 1335 20

52 1640 94 1672 25

53 1928 94 1961 30

52 2210 93 2241 35

127 111 206 152 102
1383 114 1475 146 APP.
1496 115 1552 147 33.

197 214 261 253 33.
324 213 572 260 Qt‘OMODO
606 214 828 253 HOMINES
861 214 1194 255 NOVITATIBUS
1227 216 1476 255 GAEDENT.

240 282 318 321 Fur
340 287 423 320 erat
441 282 606 333 insignis
626 282 691 333 qui
710 282 878 321 libenter
895 289 1086 322 nocturna
1103 284 1260 324 silencia
1278 284 1415 323 fefellit
1432 304 1439 311 ·
1474 284 1550 324 Iste

124 338 243 389 igitur
275 344 471 377 nocturno
502 338 685 389 fatigatus
717 339 878 377 circuitu
909 339 948 377 in
980 345 1136 390 pratum
1166 341 1271 379 venit
1293 359 1301 367 ·
1336 341 1428 379 Erat
1455 345 1551 380 tunc

126 395 291 433 estivam
323 400 479 445 tempus
510 407 597 433 curn
622 396 693 434 hec
714 395 812 433 faeta
836 401 929 434 sunt
961 403 998 434 et
1025 403 1182 446 pratum
1211 404 1293 436 erat
1324 397 1484 436 tloribus
1511 403 1551 436 et

125 451 301 501 gramine
324 452 506 489 vestitum
527 458 563 490 et
580 464 739 491 rursum
760 452 798 490 in
816 458 926 502 prato
945 452 1108 491 dulciter
1126 465 1376 492 murmurans
1396 454 1548 493 discur-

126 507 234 545 rebat
261 527 268 534 ·
306 507 383 545 llec
406 519 496 556 ergo
521 511 646 546 t'urem
672 510 817 546 lassum
842 509 888 546 ad
912 509 1085 559 quietem
1109 510 1298 548 inritant·
1332 510 1412 549 Fur
1433 510 1552 560 igitur

124 563 315 613 temporis
333 564 545 602 amenitate
568 570 606 602 et
628 565 700 604 loci
723 565 937 604 delectatus
960 578 1000 603 se
1023 566 1207 616 deposuit
1239 567 1278 604 in
1308 567 1484 615 gramine
1511 572 1549 605 et

124 619 301 658 membra
325 632 394 658 sua
418 621 541 671 quieti
565 621 671 659 dedit
688 641 696 648 ·
732 622 809 659 Sed
834 621 926 659 dum
945 635 1136 673 sompnus
1158 636 1246 661 eum
1263 622 1393 661 obruit
1414 622 1547 661 statim

124 676 260 715 scabro
285 689 373 715 eum
397 677 634 716 subintravit
659 696 666 703 ·
701 677 738 715 si
771 683 903 716 autem
934 678 1134 717 s(·abr011is
1164 691 1305 730 queras
1328 679 1548 729 ingressum

126 746 196 772 sue
220 744 300 771 non
323 733 534 771 immemor
557 734 672 772 sortis
692 747 762 784 per
780 734 1007 773 inferiorem
1025 735 1224 785 regionem
1244 741 1303 774 est
1320 735 1520 787 ingressus
1541 757 1548 764 ·

124 789 205 828 Fur
226 801 317 839 ergo
341 789 503 840 hospitis
530 790 589 828 sui
615 790 953 841 importunitatem
979 792 1158 830 senciens
1188 792 1368 842 protinus
1393 792 1548 841 evigila—

125 846 177 883 vit
199 852 237 884 et
258 846 298 884 in
330 846 504 896 partibus
535 846 609 885 illis
644 859 739 897 quas
769 847 905 886 scabro
934 854 1188 898 occupaverat
1221 848 1389 897 graviter
1418 848 1549 887 dolere

124 902 251 953 cepit·
287 903 396 941 Venit
423 915 514 952 ergo
538 904 696 941 tandem
720 904 765 942 ad
786 904 960 942 medicos
979 910 1012 941 et
1032 918 1099 943 eos
1117 917 1236 955 super
1252 905 1325 943 hoc
1342 917 1432 943 casu
1452 917 1548 943 con-

124 959 243 997 suluit
266 965 303 997 et
323 958 377 997 illi
399 960 599 1009 gravidum
624 972 712 998 eum
737 961 921 998 dixerunt
944 974 1041 999 esse.
1076 961 1121 999 Et
1138 962 1257 999 homo
1280 961 1445 1000 credidit
1463 974 1548 1000 me-

129 1015 236 1053 dicos
266 1015 407 1054 laboris
436 1028 590 1054 causam
619 1017 811 1066 tetigisse,
859 1017 947 1068 quia
981 1017 1035 1055 sic
1065 1017 1138 1055 sibi
1167 1018 1293 1056 risum
1333 1018 1550 1058 testabatur

123 1072 246 1110 fuisse
269 1091 277 1098 ·
312 1071 389 1110 Res
420 1072 538 1123 igitur
568 1072 637 1111 ista
663 1086 761 1112 nova
791 1081 828 1112 et
851 1074 1045 1124 stupenda
1078 1086 1146 1124 per
1173 1080 1295 1113 totam
1320 1075 1551 1113 diffunditur

125 1128 325 1178 regionem
349 1134 388 1167 et
411 1129 616 1167 audientes
639 1130 768 1168 mirati
792 1136 885 1168 sunt
907 1136 941 1168 et
965 1131 1187 1169 timuerunt
1209 1131 1316 1170 valde
1338 1132 1426 1182 quia
1451 1131 1549 1170 male

123 1189 278 1235 portare
303 1185 393 1223 illud
417 1185 625 1224 dixerunt·
660 1186 929 1226 Observabant
957 1199 1048 1235 ergo
1079 1190 1206 1226 furem
1237 1187 1478 1227 laborantem
1511 1193 1551 1225 et

123 1247 344 1291 gementem
368 1242 468 1280 circa
490 1255 579 1280 eum
603 1243 821 1281 assidentes
845 1249 886 1281 ut
904 1244 1031 1282 furem
1046 1244 1100 1282 rei
1120 1244 1319 1283 viderent·
1357 1245 1455 1283 llum
1475 1245 1547 1295 igi-

124 1304 189 1337 tur
212 1298 273 1336 ille
295 1298 410 1349 gemit
432 1304 469 1336 et
488 1299 629 1338 elamat
647 1306 689 1338 ut
707 1300 906 1350 periturus
931 1313 1018 1338 ecce
1044 1300 1179 1339 scabro
1205 1302 1320 1351 longo
1338 1301 1548 1339 luctamine

125 1354 306 1404 fatigatus
329 1366 398 1405 per
421 1356 520 1393 viam
545 1368 661 1406 quam
685 1356 804 1395 subiit
826 1363 885 1394 est
913 1368 1113 1407 regressus
1143 1363 1179 1395 et
1211 1357 1292 1408 ipse
1325 1358 1550 1396 stimulator

124 1415 349 1462 (equorum)
373 1412 469 1450 suris
492 1412 673 1451 inventus
696 1418 754 1450 est
777 1419 812 1450 et
835 1420 1039 1463 repertus·
1075 1414 1340 1453 moralitas.
1364 1414 1471 1453 Malis
1490 1420 1549 1452 est

123 1467 265 1506 misera
289 1467 493 1506 hominum
525 1470 768 1507 consuetudo
791 1475 834 1507 ut
858 1482 1011 1520 semper
1034 1470 1270 1509 novitatibus
1294 1471 1488 1521 gaudeant
1510 1475 1550 1509 et

126 1537 224 1562 nova
248 1524 335 1562 licet
358 1525 575 1575 periculum
600 1528 764 1564 atl'erant
787 1526 1011 1564 desiderant
1035 1533 1072 1564 et
1095 1532 1315 1577 expectant.

393 1627 458 1666 34.
512 1628 574 1667 DE
606 1629 826 1668 Mt'LlliltE
859 1630 921 1668 ET
955 1629 1118 1668 PROCO
1151 1630 1277 1669 Elt's.

237 1694 403 1734 Domina
426 1698 592 1747 quedam
618 1698 745 1737 mariti
769 1698 827 1737 sui
852 1698 1006 1749 derepitv
1035 1698 1274 1743 absenciam,
1306 1711 1469 1749 procum
1500 1699 1546 1738 ad

122 1751 323 1802 amplexus
346 1766 439 1791 suos
462 1753 760 1793 intermittendo
777 1774 785 1781 ·
820 1755 979 1793 Maritus
997 1761 1126 1793 autem
1144 1767 1324 1794 reversus
1346 1761 1383 1794 ct
1402 1767 1471 1806 per
1491 1756 1546 1793 ri-

123 1809 255 1846 vulum
289 1821 334 1846 ex
366 1809 558 1849 industria
587 1811 861 1862 interspieiens
892 1812 986 1850 vidit
1016 1824 1083 1849 eos
1120 1812 1365 1850 commisceri
1401 1818 1439 1850 et
1472 1812 1544 1850 ait:

125 1864 155 1901 O
178 1871 222 1903 ut
245 1865 343 1903 foret
366 1867 470 1917 quod
493 1867 566 1905 sub
590 1868 728 1907 umbra
747 1868 870 1906 video.
913 1868 967 1906 Ad
988 1869 1088 1907 banc
1104 1875 1234 1907 autem
1255 1881 1387 1907 vocem
1407 1869 1547 1907 mulier

125 1924 339 1971 stupefacta
363 1923 530 1973 prosiliit
552 1929 590 1962 et
615 1925 743 1963 tunica
768 1925 956 1964 distructa
979 1931 1016 1963 et
1038 1925 1183 1976 spersis
1207 1926 1291 1964 sine
1313 1926 1395 1975 lege
1413 1925 1546 1976 capilis

124 1982 161 2015 et
182 1977 220 2015 in
243 1991 450 2017 occursum
477 1981 617 2019 marito
641 1982 725 2020 data
744 1981 798 2020 sic
817 1994 907 2019 eum
926 1982 1092 2020 allocuta
1111 1988 1186 2020 est:
1211 1982 1242 2019 O
1260 1994 1328 2020 rex
1347 1982 1545 2021 carissime

124 2034 216 2084 quid
241 2035 313 2073 sibi
337 2036 457 2075 votuit
479 2043 655 2087 optatum
679 2038 772 2076 illud
798 2039 901 2089 quod
926 2051 1014 2076 cuni
1035 2039 1202 2089 suspirio
1220 2038 1444 2089 protulisti·
1480 2039 1547 2076 llle

123 2096 254 2129 autem
278 2091 420 2130 refert:
445 2093 577 2132 Visum
603 2101 661 2132 est
684 2095 777 2133 mihi
801 2095 970 2145 qualiter
991 2095 1219 2133 adolescens
1242 2095 1400 2146 quidam
1419 2095 1549 2133 socius

125 2146 225 2185 thori
247 2149 451 2198 amplexus
474 2156 562 2188 tuos
586 2156 623 2188 et
644 2151 719 2189 leta
744 2150 847 2189 basia
872 2156 1050 2202 carperet
1071 2157 1109 2190 et
1125 2151 1264 2190 lasciva
1286 2151 1421 2201 gaudia
1440 2152 1545 2190 dice-

124 2209 208 2241 ret·
243 2204 299 2243 Ad
324 2205 394 2244 hec
416 2207 574 2245 mulier:
599 2207 735 2245 Adbuc
757 2214 938 2258 superest
961 2207 1068 2246 vobis
1092 2208 1139 2246 de
1161 2209 1322 2259 antiquo
1344 2208 1418 2246 fale
1440 2207 1546 2246 insa-

125 2265 252 2298 turato
269 2279 278 2287 ·
314 2261 392 2300 Ilec
413 2263 518 2301 enim
541 2269 600 2301 est
622 2264 781 2315 antiqua
815 2264 973 2304 fatuitas
1002 2270 1067 2302 tua
1084 2282 1092 2290 ·
1129 2264 1246 2302 Omni
1279 2265 1382 2303 enirn
1407 2264 1547 2303 visioni

124 2317 300 2356 crederet
329 2324 368 2356 et
396 2319 612 2370 sompniis·
648 2320 694 2358 Et
725 2321 777 2359 ait
809 2322 946 2360 homo:
984 2321 1067 2359 Non
1097 2324 1223 2359 resero
1252 2321 1322 2359 tibi
1353 2327 1547 2360 nocturna

126 2491 142 2498 β
200 2453 291 2507 (app.
312 2444 363 2475 33.
400 2446 477 2477 Cod.
498 2444 646 2485 Gotting.
666 2446 718 2477 34.
750 2447 858 2479 Marie
878 2448 929 2478 559.
966 2446 1117 2487 Legrand
1138 2448 1168 2486 4,
1188 2447 1263 2478 234.
1298 2447 1364 2488 vgl.
1385 2444 1552 2478 Hirchhof

131 2503 155 2529 l,
179 2488 285 2576 υἷι-ψ.
305 2534 358 2566 34.
387 2534 464 2567 Cod.
486 2534 637 2576 Gottiug.
659 2537 711 2568 35.
741 2535 849 2568 Marie
869 2538 920 2568 40.
948 2536 1102 2578 Legrand
1121 2538 1152 2578 4,
1170 2536 1245 2568 221.
