1659 2796
64 144 156 176 APP.
177 144 205 175 «S.
1424 138 1468 177 91

66 251 191 284 maret
213 258 280 283 se·
309 244 373 282 Sic
394 244 485 282 fecit
508 264 514 270 ·
542 241 626 280 Mus
649 254 735 280 cuin
761 242 934 280 audisset
954 254 1086 279 vot-eiu
1110 239 1205 291 qius,
1236 240 1280 278 ad
1306 240 1477 278 hostium

64 304 203 341 domus
226 301 333 339 venit
364 300 558 350 dixitque:
586 299 678 349 quid
709 298 895 349 quaeritis
925 304 989 335 aut
1021 297 1113 348 quid
1144 294 1300 334 ‹lit-itis?
1336 298 1381 334 At
1405 296 1478 334 illi:

68 359 253 397 Volumus
284 364 413 396 tecum
446 356 580 406 loqui·
609 355 693 393 Mus
723 355 918 405 cognovit,
957 355 1061 404 quod
1096 354 1239 391 malurn
1273 353 1478 391 consiliunt

66 422 202 454 contra
224 415 353 465 ipsum
376 413 613 463 cogitassent
635 433 641 439 ⁴
670 411 789 449 Dixit:
814 411 1038 449 Maledictus
1062 417 1102 448 tu
1125 410 1190 455 sis,
1213 416 1327 455 calte,
1349 415 1390 447 tu
1410 409 1481 447 do-

67 473 198 510 miuus
223 484 344 515 uleus,
370 476 405 507 et
428 470 511 520 ipse
534 469 599 520 qui
622 481 740 519 super
761 475 798 506 te
820 468 940 512 sedet,
965 474 1000 505 et
1025 467 1165 505 doinus
1189 472 1336 504 vestrae
1360 472 1397 504 ct
1415 465 1479 502 lilii

66 536 104 567 et
125 528 242 577 tiliae,
276 533 314 565 et
343 527 473 565 oniuis
497 526 693 576 parentela
718 531 844 563 vestra
869 524 917 562 sit
940 524 1168 562 maledicta·
1196 522 1293 561 Male
1320 523 1396 560 huc
1420 534 1482 559 ve-

70 585 208 623 neritis
241 590 279 622 et
302 584 400 622 inale
423 583 472 621 sit
494 581 752 620 redeuntibus
776 581 880 619 vobis
911 581 955 619 de
978 581 1051 619 lim:
1072 581 1155 619 loro
1175 602 1182 607 ·
1211 579 1284 626 Qui
1316 578 1484 617 inimicis

69 642 152 681 suis
174 641 276 679 bona
298 639 403 690 loqui
435 651 511 677 non
535 646 697 690 queunt,
729 639 793 689 qui
824 637 893 676 sibi
925 637 1144 675 inimicitias
1174 637 1399 687 imponunt,
1428 634 1484 672 vel

71 699 214 737 nialuiu
238 697 340 735 iuter
363 710 402 734 se
421 696 571 734 ineunt.

467 788 506 826 9.
568 787 753 825 I’Eltfflx
786 787 847 824 ET
881 786 1083 825 vt‘LPEs'.

188 857 328 895 Perdix
351 857 443 895 dum
465 856 505 894 in
528 856 612 894 loro
636 855 887 894 eminentiori
910 855 1078 899 sederet,
1110 853 1263 891 advenit
1296 851 1420 902 vulpis
1452 857 1487 889 et

73 914 167 953 dixit
191 914 245 952 ei:
277 915 401 960 Quam
424 916 592 951 formosa
618 919 673 950 est
696 912 812 949 facies
838 918 913 955 tua,
946 923 1058 949 crura
1080 915 1145 948 tua
1166 916 1204 948 ut
1231 915 1418 947 rostrum.
1447 921 1489 945 os

74 978 186 1009 tuuin
205 970 305 1009 sicut
323 970 509 1008 corallum
532 991 538 997 ·
568 969 666 1007 Nam
684 969 714 1005 si
734 969 927 1006 ‹hiriuires
947 967 1142 1019 pulchrior
1154 980 1260 1005 esses
1281 986 1286 992 ·
1316 965 1490 1003 Credens

70 1028 104 1066 ei
128 1027 263 1078 perdix
287 1027 423 1065 elausit
445 1027 591 1065 oeulos.
615 1033 731 1076 atque
755 1038 838 1063 eam
863 1025 947 1063 ilico
967 1024 1091 1075 vulpis
1108 1023 1236 1074 rapuit
1257 1043 1263 1049 ·
1291 1023 1338 1059 At
1355 1020 1489 1072 perdix

72 1086 163 1122 lletu
185 1083 380 1134 permixto
404 1083 530 1122 locuta
554 1089 632 1121 est:
656 1083 730 1120 l'er
751 1082 892 1120 artium
919 1088 1072 1119 tuarum
1097 1081 1260 1119 virtutes
1274 1087 1312 1117 te
1331 1090 1488 1129 quaeso,

73 1148 113 1180 ut
137 1147 249 1179 antea
273 1152 416 1178 nomen
442 1152 573 1177 nieuln
598 1139 702 1177 dicas
725 1144 756 1177 el
783 1138 837 1175 sir
860 1151 922 1176 lue
946 1138 1148 1176 devorabis
1169 1158 1175 1164 ·
1202 1137 1249 1174 At
1278 1135 1345 1172 ubi
1367 1134 1491 1185 vulpis

74 1197 271 1249 perdicem
296 1196 417 1234 voluit
441 1196 658 1239 nominare,
690 1195 839 1245 aperuit
872 1209 914 1233 os
945 1200 982 1232 et
1013 1194 1131 1232 evasit
1159 1193 1321 1244 perdix·
1351 1192 1492 1229 lloleus

72 1253 196 1304 vulpis
225 1253 298 1291 ait:
322 1252 406 1290 Heu
429 1265 507 1291 ine,
531 1253 621 1303 quid
645 1265 743 1303 opus
765 1255 891 1290 fuerat
918 1248 1055 1301 loqui?
1091 1249 1309 1301 Respondit
1340 1247 1494 1298 perdix:

74 1311 170 1355 Heu,
192 1323 254 1348 nie
279 1309 450 1347 dormire
475 1309 564 1359 quid
589 1321 749 1347 necesse
779 1314 872 1353 erat⁷
906 1307 967 1346 cui
999 1319 1162 1345 somnus
1195 1318 1275 1344 non
1308 1301 1494 1343 venera‘t‘.>

73 1367 147 1414 Qui
171 1366 235 1405 uhi
260 1366 314 1405 eis
337 1366 603 1404 necessarium
626 1377 707 1404 non
730 1370 802 1409 est,
832 1366 1062 1416 loquuntur,
1099 1369 1136 1402 et
1158 1363 1224 1402 uhi
1248 1375 1314 1400 eos
1338 1361 1491 1412 vigilare
1522 1373 1529 1380 ·

74 1430 241 1475 oportet,
265 1423 480 1461 dormiunt.

407 1514 470 1551 10.
532 1513 670 1551 CANIS
704 1513 768 1551 ET
801 1511 1156 1551 cuoconlLLts.

196 1584 320 1622 Canes
345 1582 538 1620 currendo
561 1582 701 1620 hibunt
723 1594 767 1619 ex
790 1582 874 1619 Nilo
896 1581 1060 1619 flumine
1080 1591 1129 1617 ne
1153 1579 1355 1629 rapiantur
1371 1590 1389 1616 a
1408 1590 1495 1616 cro-

78 1640 224 1679 codillis
249 1662 255 1667 ·
285 1639 469 1690 Rapidius
502 1639 618 1687 igitur
646 1651 804 1677 currens
834 1651 878 1675 ex
906 1638 990 1676 Nilo
1021 1649 1110 1675 culn
1142 1635 1276 1674 bibere
1305 1634 1495 1684 coepisset

77 1697 196 1741 canis,
218 1697 312 1734 dixit
334 1696 367 1733 ei
390 1696 640 1734 crocodillus:
665 1695 774 1740 Quod
798 1694 891 1732 libet
911 1694 1010 1732 labio
1033 1700 1113 1738 tuo,
1137 1693 1217 1730 noli
1234 1692 1358 1730 vereri
1378 1713 1384 1718 ·
1413 1691 1494 1729 Re-
1524 1702 1531 1709 ·

77 1753 257 1806 spondit:
284 1753 466 1791 Facerem
491 1753 594 1803 quod
618 1752 724 1797 dicis,
748 1751 823 1789 nisi
846 1764 929 1789 esse
949 1757 983 1788 te
1001 1750 1142 1788 sciren]
1160 1748 1283 1788 carnis
1302 1760 1410 1786 meae
1428 1760 1495 1785 ru-

79 1811 214 1861 pidum
236 1831 242 1837 ·
272 1809 346 1855 Qui
369 1809 528 1847 consilia
551 1809 709 1846 adversa
731 1807 970 1858 sapientibus
1001 1806 1320 1845 sumministrant
1349 1811 1386 1843 et
1415 1815 1496 1842 nou

80 1867 209 1906 solum
235 1866 338 1918 quod
358 1872 570 1916 operantur
584 1865 766 1915 perdunt,
784 1877 919 1903 verum
937 1863 983 1902 ab
1001 1863 1055 1901 eis
1071 1863 1238 1914 turpiter
1255 1861 1496 1900 deridentur.

483 1969 546 2006 11.
609 1968 750 2006 CANlS
790 1968 852 2006 ET
887 1967 1097 2006 vt'LTIJR.

193 2037 308 2076 Canis
331 2042 369 2076 et
392 2037 521 2075 vultur
542 2037 711 2075 humana
742 2036 973 2075 effodientes
1006 2048 1104 2081 ossa,
1137 2035 1241 2073 canis
1271 2034 1498 2072 thesaurum

84 2095 246 2137 invenit,
274 2100 310 2132 et
332 2094 497 2132 violatus
528 2105 690 2132 manens
714 2092 852 2143 injecta
877 2098 934 2131 est
962 2093 1015 2130 illi
1039 2092 1260 2131 divitiarum
1293 2089 1498 2141 cupiditas,

82 2164 152 2202 per
172 2164 268 2202 quas
290 2151 479 2201 sacrilegii
500 2150 626 2188 lueret
647 2161 795 2200 poenas
814 2171 820 2176 ·
848 2150 997 2189 Aurum
1021 2149 1114 2187 dum
1143 2147 1325 2193 custodit,
1355 2146 1498 2184 oblitus

83 2208 259 2247 ciborum
283 2207 392 2257 copia
415 2207 517 2245 fame
541 2212 599 2246 est
621 2212 879 2257 consumptus
903 2228 909 2234 ·
938 2206 1006 2245 Cui
1029 2205 1187 2244 adstans
1208 2204 1339 2243 vultur
1366 2203 1437 2241 ait:
1467 2203 1497 2236 (l

83 2265 202 2308 canis,
232 2263 372 2302 merito
394 2263 482 2309 luis,
506 2264 596 2315 quia
618 2263 835 2313 concupisti
856 2263 1005 2313 regales
1028 2275 1120 2314 opes
1143 2262 1256 2300 trivio
1278 2265 1500 2302 contentus,

173 2403 271 2435 6—7.
297 2401 474 2441 veneritis]
498 2401 692 2433 venissetis.

174 2458 244 2490 app.
263 2448 293 2479 9.
311 2447 378 2479 Nil.
397 2445 461 2477 fab.
481 2446 533 2477 30.
561 2445 667 2477 Burm.
687 2457 758 2489 app.
782 2446 831 2478 13.

179 2494 229 2525 15.
245 2491 422 2536 permixto]
440 2492 615 2534 permixta.

176 2548 246 2580 app.
269 2540 318 2572 10.
337 2537 403 2569 Nil.
423 2536 487 2568 fab.
507 2537 559 2568 31.
587 2536 725 2567 Phaedr.
749 2537 776 2573 1,
796 2536 848 2567 25.

176 2594 247 2626 app.
270 2584 320 2615 11.
339 2583 408 2615 Nil.
426 2581 490 2614 fab.
511 2582 562 2613 32.
591 2581 728 2613 phaedr.
752 2584 778 2621 1,
796 2581 849 2612 27.

1518 795 1558 826 10

1523 1086 1563 1117 15

1527 2042 1571 2074 30
