1659 2796
80 104 182 139 nom.
202 105 234 146 2,
254 107 304 138 lo.
1428 109 1479 146 57

75 208 135 247 10.
179 206 434 246 PRECEPTA
468 206 943 301 AW'Dlllblxiizzlsljlssg-'IN'IVM
967 229 975 236 ·
1008 206 1203 245 SEMPER
1236 207 1356 247 LAVS
1390 210 1479 248 EST

652 271 695 300 ij
840 278 861 301 ¹.
893 293 900 300 .

184 337 333 388 Capella
355 349 443 376 cum
469 342 573 375 esset
595 340 695 375 foeta
719 358 726 365 ·
751 342 787 375 et
810 337 856 375 ad
880 343 1033 387 partum
1056 338 1173 376 uellet
1194 338 1248 377 ire
1271 360 1278 367 ·
1302 339 1479 389 ignarum

72 395 214 433 hedum
248 393 465 432 ammonuit
490 415 496 422 ·
521 406 569 431 ne
601 393 768 443 aperiret
797 393 909 431 alieni
934 415 941 422 ·
965 394 1090 432 sciens
1119 395 1222 445 quod
1253 397 1375 445 multe¹
1401 396 1482 446 fersg

68 450 219 490 stabula
249 462 435 501 pecorum
465 450 719 488 circumirent
742 470 748 476 ·
774 450 923 488 Monuit
947 471 955 478 ·
980 455 1017 489 et
1039 451 1177 489 eximie
1210 452 1301 490 exiit
1325 474 1332 480 -
1366 453 1478 491 venit

68 507 182 558 lupus
210 519 348 545 uocem
379 507 597 545 assimilans
630 506 762 545 matris
786 528 793 535 ·
818 512 855 545 et
884 506 1007 545 liedus
1037 520 1106 557 por
1135 507 1252 546 rimas
1285 510 1478 559 aspiciens

68 564 122 602 sic
143 563 194 602 ait
217 585 225 592 ·
247 563 388 601 Vocem
412 563 547 601 matris
568 563 682 601 audio
706 585 713 591 -
738 563 805 601 sed
838 569 879 601 tu
909 563 1017 601 fallax
1049 569 1086 601 et
1109 563 1288 603 iuimicus
1312 578 1352 604 es
1376 588 1382 595 ·
1405 567 1477 605 sul)

67 632 164 659 uoce
201 621 336 658 matris
372 625 553 658 nostrum
592 631 761 672 querens
799 619 1028 670 sanguinem
1060 620 1157 659 -Sic
1194 622 1259 672 qui
1297 629 1479 662 monetur

68 682 179 715 caute
202 676 312 714 uiuit.

156 751 216 788 ll.
259 750 538 789 SVSPECTVS
562 749 683 788 ESSE
714 749 873 787 nEssET
905 750 987 796 QVI
1009 750 1229 797 ALIQVEM
1254 751 1396 791 LESIT

245 806 528 853 AIAQVAND«)
553 828 560 835 ·
584 806 718 845 sicvf
740 806 926 844 ruom'r
947 807 1075 846 HAEC
1097 807 1298 847 FABYLA.

180 881 223 918 In
261 882 377 919 domo
409 881 610 920 cuiusdam
640 880 822 931 pauperis
859 881 994 919 uenire
1031 894 1187 933 semper
1222 889 1481 922 cmnsueuerat

67 949 229 988 serpens
246 938 291 976 ad
316 950 491 976 mensam
517 938 597 975 eius
617 959 624 966 -
643 942 681 975 et
703 937 791 974 inde
809 937 1018 976 fouebatur
1040 951 1084 977 ex
1105 939 1212 977 micis
1236 961 1242 968 ·
1262 940 1347 978 Non
1365 941 1479 991 longo

65 1000 154 1044 post
185 1000 364 1045 tempure
388 995 511 1045 coepit
535 1006 680 1046 pauper
709 993 823 1032 irasci
853 995 1025 1044 serpenti
1055 1017 1061 1024 ·
1087 1008 1202 1046 quem
1234 997 1362 1034 securi
1392 999 1479 1036 uul-

65 1050 217 1089 nerauit
241 1072 248 1079 ·
272 1051 376 1090 luter
406 1051 531 1102 posito
563 1057 737 1101 tempore
760 1050 821 1088 illo
852 1051 898 1089 ad
930 1057 1143 1102 egestatem
1173 1053 1288 1091 rediit
1311 1075 1318 1082 ·
1343 1054 1390 1092 At
1418 1054 1482 1093 ubi

158 1176 194 1217 Π,
217 1178 268 1217 10]
288 1176 310 1217 I,
330 1179 348 1209 5
367 1179 400 1208 C.
442 1175 611 1213 Hirchhof,
630 1177 660 1216 7,
679 1178 731 1207 4o.

157 1224 185 1256 1.
204 1221 574 1265 Praecpta—natorum]
596 1221 775 1263 Praecepta
794 1227 963 1264 parentum
979 1223 1093 1254 audire
1112 1224 1146 1255 C.

156 1268 186 1299 3.
206 1268 363 1310 Capella]
384 1268 547 1300 Natorum
564 1267 767 1308 (urspriingl.
787 1270 965 1305 Antorum)
984 1278 1110 1310 semper
1127 1269 1200 1300 laus
1215 1293 1222 1299 .
1239 1270 1363 1311 capella
1382 1270 1415 1301 C.

156 1312 187 1344 3.
206 1312 307 1354 foeta]
327 1323 442 1345 recens
462 1312 529 1344 seta
547 1312 580 1343 C.
597 1331 639 1335 —
654 1313 798 1353 et—ire]
818 1313 857 1343 ad
877 1317 1003 1354 pastum
1019 1314 1147 1345 uellens
1165 1314 1212 1345 ire
1231 1315 1262 1345 in
1281 1315 1366 1346 silua
1385 1316 1484 1355 (corr.

66 1360 202 1398 siluam)
220 1358 254 1390 C.

155 1405 185 1436 4.
205 1405 384 1436 ammonuit
402 1403 529 1443 hedum]
551 1403 677 1434 monuit
694 1402 810 1434 hedum
829 1404 862 1435 C.

156 1450 257 1481 4—5.
277 1449 436 1488 ne-exiit]
458 1454 491 1480 et
516 1449 686 1479 mandauit
704 1458 742 1479 ne
758 1449 824 1479 alio
851 1451 957 1485 (cori-z
987 1450 1060 1489 alii)
1086 1450 1234 1492 aperiret
1254 1475 1260 1481 .
1283 1451 1366 1492 quod
1393 1452 1484 1483 clau-

67 1506 138 1527 sum
168 1505 266 1538 super
283 1505 356 1526 eum
374 1494 500 1526 fecerat
519 1499 651 1535 propter
669 1494 753 1535 quod
773 1495 882 1525 nullae
903 1494 1106 1532 fo1·te(c0r1·:
1126 1496 1247 1527 multas
1262 1496 1349 1528 feras
1368 1499 1484 1529 uenire

67 1542 185 1581 sciret)
208 1541 248 1572 ad
273 1540 402 1571 stabula
421 1548 574 1581 pecorum
590 1564 596 1570 .
613 1539 658 1570 lta
678 1539 878 1570 commonuit
902 1540 1062 1571 haedum.
1082 1545 1116 1572 et
1143 1541 1190 1572 sic
1214 1542 1339 1583 capella
1364 1543 1483 1574 siluam

66 1587 187 1629 petiuit
206 1587 240 1618 C.

157 1634 187 1664 5.
206 1631 301 1670 exiit]
319 1630 403 1662 abiit
421 1629 453 1660 B.
472 1648 514 1652 —
532 1629 643 1669 Venit]
664 1629 766 1661 Paulo
785 1634 859 1671 post
877 1629 971 1661 uenit
988 1630 1021 1661 C.

157 1678 188 1709 6.
205 1676 406 1714 assimilans]
424 1675 625 1706 assimulans
645 1675 666 1705 B
681 1676 714 1705 (Ι.
731 1673 862 1714 Matris]
882 1675 997 1706 matris
1011 1675 1135 1717 ,tAperi
1149 1677 1227 1708 mihi
1242 1678 1355 1719 inquid
1370 1688 1485 1720 precor

66 1723 155 1765 aperi
172 1723 240 1753 tuis
260 1722 366 1763 plenis
385 1720 540 1751 uberibus
559 1720 593 1750 C.
613 1738 656 1742 —
674 1721 718 1759 et]
737 1725 771 1751 at
790 1721 824 1751 C.

156 1769 187 1800 6.
206 1766 478 1809 aspiciens—ait]
499 1765 678 1806 (aspiciens
697 1770 730 1797 et
748 1765 1040 1805 xorgeschrieben)
1058 1768 1251 1799 auscultans
1270 1769 1317 1800 ait
1335 1768 1370 1800 C.

158 1814 257 1845 7—9.
275 1812 332 1844 sed
351 1817 386 1843 tu
404 1830 446 1833 -—
465 1811 574 1849 uiuit]
594 1822 654 1841 non
677 1811 821 1849 liguram.
863 1810 974 1851 lnique
989 1817 1136 1843 nostrum
1151 1818 1264 1854 captas
1291 1815 1483 1854 sanguinem

67 1858 592 1899 sedmonuit(111·sp1·.1110uet)me
607 1856 661 1896 qui
677 1860 710 1887 te
724 1856 817 1886 nouit
828 1860 861 1886 et
873 1860 993 1887 metum
1008 1862 1096 1888 tuum
1108 1863 1243 1899 propter
1251 1860 1437 1901 relinquere
1449 1862 1483 1891 (j.

156 1902 194 1943 Il,
217 1904 266 1943 11]
289 1902 309 1943 Ι,
332 1902 370 1935 12
391 1902 424 1933 C.
464 1900 635 1940 Hirchhof,
654 1901 684 1934 7,
703 1902 755 1933 91.
785 1900 886 1932 Gesta
906 1900 1040 1933 Roman.
1063 1904 1135 1935 141.

162 1950 302 1981 10-11.
327 1945 804 1985 svsplic'lws-FABL‘LAJ
831 1945 887 1976 DE
906 1945 972 1978 Hls
996 1946 1067 1988 QUI
1090 1946 1287 1989 ALIQUEM
1309 1949 1484 1983 LEDUNT

67 1994 225 2036 (qualiter
243 1993 390 2034 suspecti
408 2002 481 2023 esse
499 1992 618 2023 debent
633 2016 639 2022 .
653 1991 775 2023 zweite
792 1992 893 2031 hand)
907 1992 941 2023 C.

161 2039 279 2070 12—6.
298 2038 331 2069 ln
350 2038 444 2069 domo
464 2056 505 2059 —
524 2037 723 2078 aliquando]
758 2036 790 2067 ln
809 2037 902 2068 domo
923 2037 1084 2070 dominica
1104 2040 1210 2079 (corrz
1228 2040 1355 2072 domum
1375 2041 1485 2072 euius-

67 2084 140 2115 dam
161 2084 331 2126 pauperis)
349 2093 485 2125 serpens
504 2082 773 2113 consuetudinem
792 2082 832 2113 ad
851 2093 995 2114 mensam
1013 2081 1140 2116 fecerat
1159 2109 1165 2115 .
1185 2090 1218 2117 et
1236 2086 1275 2117 de
1294 2086 1385 2117 illius
1404 2097 1485 2129 pau-

66 2134 195 2171 pertate
209 2129 348 2161 aedebat
364 2154 369 2160 .
386 2128 576 2160 Fouebatm·
590 2128 740 2168 reliquiis
755 2152 761 2158 .
778 2126 987 2169 Interposito
1004 2133 1149 2171 tempore
1167 2130 1261 2162 diues
1280 2132 1415 2163 effectus
1434 2136 1486 2162 est

68 2185 200 2216 pauper.
238 2174 361 2206 Dehinc
386 2173 495 2214 coepit
520 2173 621 2205 irasci
650 2173 795 2213 serpenti
810 2198 816 2203 .
831 2173 933 2213 Quam
952 2184 1048 2205 manu
1066 2175 1160 2206 homo
1179 2176 1237 2207 ille
1251 2186 1366 2208 secure
1383 2178 1483 2213 (corr.

67 2220 222 2259 securim)
242 2225 358 2251 tenens
377 2219 568 2250 uulnerauit
583 2244 590 2252 .
604 2218 724 2249 Iterum
743 2219 839 2259 paulo
867 2223 941 2259 post
965 2220 1066 2251 miser
1083 2219 1191 2253 factus
1210 2226 1270 2253 est.
1307 2222 1424 2253 Subito
1443 2222 1482 2252 ad

69 2269 253 2305 egestatem
271 2265 429 2296 deductus
446 2289 452 2295 .
473 2263 642 2296 Intellexit
661 2262 793 2295 fortuna
818 2264 983 2305 serpentis
1001 2270 1035 2296 et
1052 2276 1151 2298 eausa
1173 2267 1271 2298 huius
1298 2267 1482 2307 aegestatis

67 2311 137 2352 pati
152 2334 159 2341 .
175 2309 277 2351 Quam
295 2311 393 2349 (corr.
413 2310 514 2350 quod)
532 2315 568 2341 ut
594 2309 678 2340 uidit
693 2309 912 2351 repropitiare
926 2310 1024 2348 (corr.
1040 2313 1174 2351 rogare]
1188 2313 1297 2353 coepit
1316 2312 1483 2352 ignoranti

66 2356 178 2397 potius
194 2356 382 2396 ignosceret
397 2379 404 2385 .
415 2354 507 2386 Tunc
522 2365 599 2395 ergo
616 2363 750 2396 serpens
765 2354 852 2386 dixit
866 2355 916 2385 illi
933 2380 938 2384 .
954 2354 1122 2395 ignoscam
1137 2358 1263 2398 petenti
1279 2358 1354 2398 quia
1369 2357 1482 2399 paeni—

68 2401 150 2432 teris
169 2401 306 2432 sceleris
323 2400 393 2432 tui.
409 2399 471 2432 Sed
491 2401 565 2431 dum
579 2401 676 2439 (corr.
695 2399 813 2439 donec)
832 2399 940 2431 natrix
957 2401 1117 2434 clauserit
1131 2404 1229 2441 (corr.
1249 2403 1362 2434 clausa
1381 2402 1460 2441 erit)
1476 2427 1483 2433 .

67 2446 142 2477 dum
161 2446 259 2485 (corr.
279 2445 398 2483 donec)
417 2455 435 2476 a
461 2457 510 2477 me
540 2445 713 2476 transierit
734 2445 828 2477 dolor
852 2456 915 2476 non
941 2447 1057 2478 eredas
1082 2448 1244 2488 integram
1274 2449 1368 2479 fidem
1397 2448 1483 2488 (ein-

67 2491 274 2530 geschoben:
308 2491 406 2523 redeo
437 2496 544 2523 tecum
574 2491 605 2521 in
635 2490 790 2531 gratiam)
820 2491 850 2522 si
879 2491 977 2530 (iiber
1006 2496 1115 2533 rasur)
1145 2493 1327 2525 obliuiscar
1355 2493 1481 2524 securis

67 2536 236 2578 perfidiam
253 2537 288 2568 C.

1509 751 1548 782 10

1514 1054 1552 1086 15
