1659 2774
29 781 68 813 10

33 1062 71 1093 15

31 1342 74 1375 20

29 1671 71 1703 25

29 1961 73 1992 30

32 2245 74 2275 35

100 141 180 180 100
1356 136 1451 170 APP.
1470 137 1527 170 29.

97 240 306 294 deputari?
329 242 479 291 Quibus
500 241 584 280 ille:
614 241 773 286 Nonne,
795 239 941 291 inquit,
965 239 1069 290 quod
1091 252 1199 279 nunc
1219 239 1434 286 extrahitis,
1455 251 1526 278 vos

98 299 172 350 ipsi
195 296 370 338 fecistis?
414 298 463 337 Ili
485 298 689 349 inquiunt:
720 297 869 347 Negare
897 307 976 334 non
999 308 1210 348 possumus
1243 318 1251 325 ·
1283 296 1442 335 Justum
1465 301 1528 335 est

96 355 227 406 igitur,
250 355 303 394 ait
324 356 506 400 rusticus,
529 361 572 392 ut
594 355 755 398 domum
775 365 902 392 meam
922 365 1038 403 quam
1057 353 1306 404 quiescentes
1324 352 1523 395 foedastis,

98 412 240 451 vestris
262 411 458 450 laboribus
480 411 713 450 emundetis.

215 468 280 507 Sic
309 474 367 507 est
397 468 443 507 de
473 466 733 506 servientibus
763 465 919 504 discolis
948 471 984 504 et
1013 465 1206 517 superbis,
1239 465 1342 516 quod
1373 464 1406 503 si
1428 464 1522 515 quid

99 524 204 564 bene
226 524 404 570 fecerint,
428 524 465 562 id
487 524 757 575 improperare
779 534 861 561 non
884 528 1057 567 cessant,
1087 521 1287 561 bonorum
1310 522 1523 560 immemo-

99 593 161 620 res
184 587 455 632 receptorun13
483 581 659 619 desectus
683 591 774 617 vcro
796 591 887 618 suos
910 579 1054 618 vellent
1076 590 1234 630 semper
1262 578 1335 617 sub
1365 576 1524 617 silentio

100 638 351 689 pertransire.

505 704 570 743 30.
621 702 781 741 LEPtJS
814 702 879 741 ET
910 702 1116 741 CERVUS.

212 772 342 824 Lepus
372 772 532 824 quidam
563 784 719 810 cervum
743 770 989 821 conspiciens
1011 770 1178 809 ramosis
1200 769 1385 809 cornibus
1409 769 1528 807 deco—

98 837 243 875 ratum,
267 834 509 880 conquestus
533 834 591 867 ost
608 828 704 872 lovi,
723 840 764 866 se
783 827 908 866 debile
927 839 1045 878 pecus
1063 833 1101 865 et
1118 827 1301 866 mutilum
1319 825 1413 864 nulli
1429 824 1527 864 alio-

98 899 189 926 rum
214 886 489 925 formidatum:
512 885 624 935 petiit
647 896 736 935 ergo
758 890 839 922 tam
863 883 909 922 ad
932 885 992 922 sui
1014 883 1226 922 tuitionem
1249 894 1367 934 quam
1391 881 1437 920 ad
1456 881 1526 920 de-

101 956 233 983 corem
265 954 412 981 cornua
439 941 512 980 sibi
541 942 623 980 dari
654 941 780 992 qualia
809 940 976 979 habebat
1008 952 1143 978 cervus
1167 961 1174 968 ·
1202 940 1364 979 Dicente
1393 944 1527 977 autem

101 1000 196 1039 Jove
218 999 322 1050 quod
346 1011 428 1037 non
451 1004 585 1050 posset
608 1010 652 1036 ea
675 1010 746 1049 pro
769 996 1062 1048 ponderositate
1086 996 1207 1035 nimia
1230 995 1439 1041 sustinere,
1460 1006 1526 1033 re-

102 1056 273 1108 spondit,
295 1069 336 1094 se
363 1055 511 1106 optime
537 1067 684 1094 cornua
704 1054 793 1093 talia
815 1059 1063 1104 portaturum
1083 1075 1090 1082 ·
1115 1053 1226 1092 Tunc
1244 1051 1411 1104 jubente
1430 1051 1526 1090 Jove

100 1118 308 1152 creverunt
330 1112 366 1150 ei
387 1123 535 1150 cornua
557 1111 599 1149 in
621 1111 744 1162 capite
766 1110 937 1160 ingentia
960 1116 997 1148 et
1013 1122 1190 1156 ramosa3
1213 1109 1281 1148 sed
1300 1121 1388 1148 cum
1407 1107 1527 1147 nimis

102 1175 290 1209 oneratus
314 1168 461 1207 eisdem
485 1180 641 1207 currere
664 1180 745 1206 non
768 1168 924 1212 valeret,
948 1172 1081 1218 captus
1104 1180 1123 1205 a
1146 1166 1369 1218 pastoribus
1400 1171 1435 1204 et
1459 1177 1526 1203 oc-

101 1226 216 1265 cisus.

216 1282 279 1321 Sic
302 1281 415 1321 multi
436 1280 558 1320 multa
582 1281 744 1332 cupiunt
769 1280 910 1332 quibus
934 1279 1119 1318 honorari
1150 1279 1355 1318 credentes
1385 1277 1527 1317 confu-

104 1339 256 1378 sionem
278 1339 487 1377 incurrunt
508 1344 545 1376 et
568 1343 749 1376 mortem.

485 1429 550 1468 31.
614 1429 773 1467 Lt‘l’t's
807 1428 870 1466 ET
903 1427 1143 1466 SCRABRO.

215 1498 327 1549 Lupo
350 1498 549 1549 quondam
580 1498 618 1536 in
642 1510 710 1536 sua
733 1510 846 1536 cavea
869 1496 1093 1535 dormiente
1124 1495 1335 1534 intervenit
1366 1494 1526 1534 scrabro

101 1555 260 1607 quidam
284 1566 354 1606 per
376 1554 591 1606 posteriora
614 1554 755 1605 ipsius,
789 1554 854 1604 qui
878 1553 1061 1602 evigilans
1083 1564 1165 1590 non
1188 1551 1341 1590 modico
1363 1557 1527 1602 torque-

101 1612 218 1651 batur
240 1611 371 1650 dolore
389 1631 397 1638 ·
433 1611 609 1661 Cumque
628 1623 698 1661 per
713 1610 914 1660 angustias
933 1622 972 1648 se
990 1621 1110 1661 super
1128 1614 1273 1647 terram
1291 1608 1527 1659 bacillasque

103 1668 250 1708 diutius
273 1669 498 1717 volutasset,
529 1668 685 1706 scrabro
717 1667 763 1705 dc
793 1673 902 1718 parte
924 1666 1017 1704 exiit
1048 1678 1123 1717 qua
1144 1666 1379 1707 intraverat:
1409 1677 1527 1715 quem

102 1727 217 1776 lupus
251 1725 501 1776 conspiciens
530 1724 810 1774 indignabatur
833 1738 873 1762 sc
904 1736 923 1761 a
952 1729 1032 1761 tam
1066 1722 1216 1761 modica
1246 1729 1281 1760 et
1311 1721 1373 1760 vili
1402 1720 1526 1759 bestia

101 1788 211 1821 tanta
235 1794 415 1833 passum,
442 1787 478 1819 et
501 1782 570 1819 ait:
604 1784 634 1818 Ο
659 1781 797 1826 miser,
828 1779 1027 1832 quomodo
1049 1792 1170 1818 ausus
1193 1791 1234 1817 es
1258 1779 1459 1817 meliorem
1489 1782 1528 1815 te

103 1845 139 1877 et
162 1838 417 1877 valentiorem
440 1838 588 1877 viribus
612 1836 821 1876 infestare!
852 1837 920 1876 sed
953 1849 1061 1875 nunc
1081 1836 1113 1875 si
1135 1835 1295 1886 alicujus
1329 1834 1466 1873 valoris
1488 1840 1526 1873 te

102 1902 274 1946 reputes,
306 1907 495 1945 congrega
525 1907 648 1945 genus
680 1900 807 1933 tuum.
837 1893 1038 1945 proximos
1072 1899 1108 1932 et
1137 1893 1295 1937 amicos,
1324 1898 1368 1931 ut
1391 1896 1526 1930 contra

104 1965 165 1991 me
189 1958 225 1990 et
249 1964 356 1990 meos
380 1951 595 1990 bellaturus
614 1951 748 1989 venias
771 1951 809 1989 in
828 1952 901 1989 hoc
919 1963 1056 2000 campo
1074 1969 1081 1975 -
1117 1949 1229 1995 Quod
1248 1962 1337 1988 cum
1358 1962 1401 1987 ex
1420 1954 1526 1987 utra-

102 2022 177 2060 que
195 2014 304 2059 parte
322 2014 426 2046 esset
444 2010 655 2047 firmatum.
675 2014 866 2046 venerunt
887 2008 933 2045 de
952 2006 1122 2045 crastino
1140 2006 1265 2057 parati
1283 2005 1328 2044 ad
1343 2016 1527 2056 pugnant,

102 2066 215 2116 lupus
239 2077 327 2104 cuin
351 2065 486 2103 bestiis
509 2066 630 2103 saltus
653 2071 689 2102 et
712 2064 840 2104 silvae.
871 2063 1030 2102 serabro
1062 2075 1149 2101 cum
1182 2062 1458 2101 strabronibus
1489 2066 1525 2098 et

103 2135 191 2161 cum
215 2121 323 2160 omni
348 2134 573 2160 muscarum
595 2133 738 2172 gent-rc
763 2128 796 2159 ct
823 2132 1030 2172 vesparum
1055 2139 1061 2146 -
1098 2119 1269 2158 Consilio
1292 2125 1424 2158 autem
1447 2117 1526 2168 lupi

103 2179 388 2217 obttffaverunt
410 2178 556 2217 bestiae
580 2178 797 2228 posteriora
823 2184 860 2216 et
882 2177 1047 2215 vinculis
1078 2176 1246 2226 desuper
1276 2176 1493 2225 ligaverunt
1517 2186 1525 2193 ·

106 2237 330 2285 (longi-essu
354 2240 483 2273 autem
503 2235 610 2277 inito,
635 2247 793 2272 cervum
813 2234 931 2273 asilus
950 2233 1029 2272 ictu
1046 2234 1210 2284 pupugit
1229 2239 1262 2271 et
1283 2231 1526 2271 amarissima

103 2292 293 2342 quaedam
319 2304 457 2341 vespa3
487 2292 550 2342 qui
584 2291 833 2329 acerbitatem
859 2296 1076 2342 puncturae
1107 2302 1184 2328 non
1215 2289 1415 2328 sustinens
1439 2287 1528 2327 sali—

104 2349 207 2387 endo
230 2348 385 2399 pepedit
409 2354 445 2386 ct
468 2348 506 2386 in
531 2348 814 2398 postc1ioribus
837 2347 987 2386 vincula
1010 2347 1138 2397 rupit·
1174 2346 1286 2392 Quod
1307 2358 1395 2384 cum
1414 2346 1527 2395 lupus

103 2405 281 2443 vidisset.
306 2404 461 2443 fortiter
484 2404 730 2443 exclamavit:
764 2405 974 2455 1⁴'ugiamus
989 2434 997 2449 ,
1020 2416 1041 2441 o
1065 2403 1179 2442 socii.
1202 2403 1417 2453 fugiamus,
1441 2401 1526 2439 'fin-

195 2534 337 2573 a1›p.3tt.
366 2531 455 2562 Rom.
475 2530 555 2561 Rob.
579 2531 627 2561 tu.
656 2530 761 2561 Mario
779 2531 831 2561 2⁴7.

196 2586 265 2618 app.
287 2579 339 2610 31.
369 2577 457 2608 Rom.
480 2576 558 2608 ttob.
580 2576 632 2607 2⁴).
661 2575 768 2607 Maric
788 2578 838 2607 50.
868 2574 1019 2615 Legrand
1040 2576 1071 2615 4,
1094 2575 1164 2607 195.

1646 0 1659 78 ’.ΑΙ-Δ
