1659 2796
64 123 167 157 nun.
185 124 216 162 4,
238 126 265 157 1.
1417 120 1470 158 79

64 227 134 264 boc
156 225 282 265 uoluit
304 247 313 256 ·
331 226 527 277 adtingere
550 237 705 264 sui-suni
729 238 808 264 non
831 225 957 277 potuit
978 245 988 254 ·
1013 225 1110 263 Irata
1134 244 1143 253 ·
1166 222 1308 261 dicitur
1329 221 1470 260 dixisse

62 306 70 312 -
91 282 185 320 Nulo
209 289 244 321 te
266 282 441 321 acerbam
466 286 502 328 et
526 281 772 321 immaturam
796 305 804 312 ·
827 291 865 320 et
886 282 992 332 quasi
1027 281 1165 320 nolens
1197 292 1281 317 eain
1313 283 1472 328 tangere

61 338 153 377 abiit
177 360 184 368 ·
216 339 269 377 lta
301 339 367 389 (μή
400 329 491 378 nibil
526 338 649 377 facere
682 345 848 390 possunt
870 359 879 368 ·
903 338 1031 377 uerbis
1056 343 1206 375 tantum
1231 349 1273 375 se
1299 348 1413 386 posse
1434 342 1473 372 et

62 395 162 433 nolle
184 396 410 434 ostendunt.

117 485 155 525 2.
203 486 404 524 {Nufflw
428 487 705 534 Qt'ffltQt‘AM
731 487 921 525 FACERE
945 485 1076 533 mun
1101 484 1289 523 vuinus
1313 484 1413 523 NON
1501 489 1522 518 5

236 543 430 581 110'1‘135'1‘
453 543 701 582 sslffit'l'rfflt
726 542 956 582 lxs'rm'l'l‘
980 542 1074 580 HEC
1096 542 1296 580 FABYLA.

172 609 333 649 Mustela
356 624 431 661 que
454 612 576 649 fuerat
599 623 718 649 senex
741 633 748 640 ·
772 618 807 649 et
828 624 959 649 mures
990 611 1064 649 iani
1095 622 1173 648 nun
1203 610 1440 661 sequebatur
1461 631 1470 640 ·

62 666 227 706 inuoluit
249 681 289 706 se
312 667 349 705 in
370 667 488 706 farina
511 676 548 706 et
566 669 648 707 loco
671 667 836 706 obscuro
855 682 895 705 se
913 667 1086 705 condidit
1103 687 1112 696 ·
1132 667 1265 704 uolens
1287 666 1333 704 de
1355 666 1471 704 innu-

62 723 241 762 centibus
262 724 347 762 sine
369 724 428 762 sui
452 724 581 763 labore
605 725 763 775 predaun
787 726 911 763 facere
934 745 943 754 ·
968 724 1073 762 Venit
1096 724 1214 762 miser
1236 723 1472 773 ignarusque

62 793 151 818 inus
169 801 178 809 -
197 781 391 831 quandam
408 781 566 819 herbam
592 788 733 832 putans
750 801 760 810 ·
780 781 955 832 preteriit
973 781 1092 819 innox
1111 787 1149 818 et
1166 791 1322 818 merens
1340 801 1349 809 ·
1366 780 1474 818 Alter
1504 784 1545 817 10

62 835 240 875 similiter
261 838 409 888 capitur
431 859 440 868 ·
460 838 606 876 lteinde
627 845 664 876 et
686 838 824 876 tertius
843 859 851 867 ·
871 837 1008 876 Postea
1031 837 1139 875 uenit
1157 836 1281 875 maior
1301 836 1415 875 annis
1435 843 1474 874 et

63 899 197 932 cautus
219 894 284 945 qui
307 907 466 932 omnem
495 895 571 932 iani
604 898 764 932 nouerat
793 894 1048 945 muscipulam
1082 906 1221 932 caueas
1250 900 1288 931 et
1315 894 1473 943 laqueos

63 957 241 988 arcentes
262 973 271 981 ·
294 958 332 989 et
354 957 483 990 cetera
506 951 745 1002 deceptionis
768 951 925 1001 ingenia
943 973 950 979 ·
970 952 1147 1001 Cumque
1169 950 1292 987 hostis
1315 949 1473 988 insidias

65 1006 218 1045 uideret
239 1028 248 1037 ·
271 1007 414 1046 dixisse
437 1009 560 1047 fertur
579 1029 587 1038 ·
607 1008 762 1046 lnducis
785 1007 941 1058 quidem
961 1019 1092 1046 inures
1114 1013 1150 1045 et
1169 1007 1334 1045 deuoras
1357 1006 1474 1044 inno-

63 1069 195 1102 centes
218 1084 227 1093 ·
251 1076 313 1102 nu·
336 1071 467 1103 tamen
491 1077 570 1103 non
602 1065 771 1115 captabis
799 1064 975 1115 improba
999 1085 1008 1094 ·
1032 1063 1097 1114 qui
1129 1063 1257 1101 omnia
1286 1068 1350 1101 tua
1380 1062 1472 1101 noui
1506 1073 1548 1105 15

63 1132 230 1169 nigenla.

121 1212 157 1251 3.
203 1212 285 1258 QVI
308 1212 469 1250 mum*
492 1212 651 1250 winssA
673 1212 866 1250 BLANUA
890 1211 1130 1249 lNFlleLlS
1154 1211 1411 1250 PEffl‘JATuR

406 1269 499 1307 EST
522 1269 582 1306 Vl*
601 1269 695 1306 HEC
718 1268 905 1306 VABVLA
928 1267 1137 1306 NfflfflT.

178 1339 274 1375 (juni
302 1336 619 1387 persecutione-111
650 1339 801 1386 fugeret
838 1336 980 1386 impius
1017 1335 1131 1386 lupus
1159 1336 1337 1375 celeriter
1358 1357 1368 1366 ·
1391 1343 1428 1375 et
1456 1348 1474 1373 a

66 1393 232 1432 bubulco
254 1400 357 1432 esset
379 1393 485 1431 uisus
509 1406 583 1444 qua
606 1399 714 1444 parte
735 1396 887 1443 sugeret
911 1413 920 1422 ·
945 1399 983 1431 et.
1005 1392 1045 1430 in
1067 1405 1144 1443 qno
1167 1394 1250 1431 loeo
1273 1406 1312 1431 se
1336 1394 1477 1432 celaret
1505 1403 1549 1435 20

66 1473 74 1480 ·
101 1451 239 1488 timore
275 1450 413 1500 plenus
450 1450 659 1489 bubulcum
697 1450 857 1500 rogabat
893 1449 939 1487 de
975 1449 1087 1488 hoste
1123 1462 1192 1488 suo
1217 1471 1224 1478 ·
1249 1450 1326 1488 Oro
1347 1457 1385 1488 te
1407 1462 1477 1501 per

66 1518 204 1546 onmes
227 1519 316 1557 spes
338 1513 422 1545 tuas
445 1519 493 1545 ne
516 1520 578 1545 nie
594 1506 846 1557 persequenti
868 1506 997 1544 tradas
1015 1527 1024 1535 ·
1043 1506 1104 1544 cui
1124 1506 1217 1544 nihil
1236 1506 1370 1545 secisse
1391 1507 1476 1545 iuro

66 1585 76 1593 ·
100 1569 137 1601 et
169 1563 361 1602 bubulcus
390 1563 441 1601 ait
470 1563 559 1613 lupo
583 1583 590 1592 ·
621 1562 677 1600 Ne
708 1563 843 1601 tinieas
867 1583 876 1592 ·
899 1569 984 1600 esto
1013 1574 1174 1601 securus
1197 1583 1206 1592 ·
1229 1563 1270 1601 in
1297 1563 1409 1601 aliam
1441 1563 1475 1602 ei

66 1626 214 1671 partem
237 1626 276 1658 te
297 1619 439 1670 fugisse
467 1619 591 1658 dican]
616 1640 625 1649 ·
648 1619 759 1657 Venit
790 1626 1015 1670 persecutor
1037 1639 1046 1647 ·
1067 1631 1207 1669 rogans
1229 1619 1382 1658 ostendi
1403 1619 1476 1658 sibi

65 1678 201 1727 lupum
225 1676 358 1714 dicens
380 1697 390 1706 ·
413 1677 508 1714 Peto
532 1683 568 1714 te
591 1675 755 1714 bubulce
778 1676 808 1714 si
833 1675 962 1713 uidisti
984 1675 1037 1713 ait
1060 1675 1133 1714 buc
1155 1677 1292 1714 uenire
1309 1674 1473 1727 lupuin'?
1505 1687 1548 1718 25

65 1733 136 1772 Vbi
157 1733 206 1771 sit.
227 1733 391 1771 ostende
416 1754 423 1761 ·
447 1740 484 1771 et
508 1732 698 1771 bubulcus
721 1753 730 1761 ·
753 1733 867 1771 Yenit
889 1732 1047 1783 quidem
1071 1753 1079 1761 ·
1099 1733 1166 1771 sed
1187 1732 1343 1771 sinistra
1369 1741 1476 1783 parte

68 1789 189 1828 babiit
210 1810 219 1819 ·
242 1789 321 1827 Illic
350 1789 533 1828 deorsum
563 1800 683 1839 quere
705 1789 797 1826 dixit
820 1809 829 1818 ·
853 1789 919 1827 sed
956 1789 1113 1827 dextera
1151 1789 1272 1828 oeulis
1301 1790 1477 1839 adsignat

66 1846 308 1898 persecutori
331 1846 411 1884 loca
435 1867 443 1875 ·
466 1847 515 1884 At
535 1845 596 1883 ille
620 1858 700 1883 non
722 1845 952 1896 intellegens
975 1865 984 1874 ·
1008 1845 1198 1884 festinans
1221 1845 1313 1884 abiit
1336 1868 1343 1875 ·
1367 1846 1477 1885 Tunc

67 1903 121 1941 sic
138 1902 329 1942 bubulcus
346 1903 438 1953 lupo
457 1902 748 1953 ait-thuidein
767 1901 1049 1952 gratuinbabes
1063 1903 1166 1953 quod
1186 1909 1221 1941 te
1239 1900 1476 1941 celaueriin'?

68 1967 106 1998 et
125 1959 243 2011 lupus
264 1973 284 1998 e
306 1966 442 1998 contra
459 1958 624 1997 bubulco
646 1958 698 1996 ait
717 1980 726 1988 ·
746 1959 892 2009 Lingue
913 1965 975 2009 tue
993 1959 1134 2008 gratias
1151 1971 1221 2009 ago
1239 1979 1249 1989 ·
1267 1959 1335 1998 sed
1354 1959 1475 1998 oculis
1505 1967 1549 1999 30

69 2016 146 2055 tuis
167 2016 362 2054 fallacibus
385 2028 566 2066 magnam
589 2016 790 2054 cecitatem
813 2023 905 2067 opto
925 2037 932 2044 ·
950 2015 1029 2066 llec
1051 2015 1135 2055 illos
1158 2015 1333 2067 increpat
1349 2016 1477 2055 fabula

67 2092 78 2102 ·
101 2072 167 2124 qui
188 2072 381 2123 bilingues
404 2085 491 2111 esse
514 2072 711 2111 uidentur.

160 2199 187 2231 1.
202 2200 263 2230 hoc
278 2199 398 2239 uoluit]
414 2209 450 2231 se
463 2199 604 2231 iactauit
613 2199 1102 2241 C.-*attingere—potuit.]ex
1117 2199 1187 2231 alto
1203 2203 1235 2230 et
1250 2210 1312 2230 non
1326 2198 1433 2230 ualuit
1443 2198 1476 2229 C.

161 2246 188 2276 1.
213 2245 340 2276 dicitur
358 2245 494 2284 dixisse]
513 2244 579 2275 dici
598 2243 707 2275 fertur
725 2244 759 2275 C.

158 2289 255 2321 2—3.
282 2290 672 2329 acerbam—ostendant]
699 2289 813 2331 inquid
832 2289 1029 2321 manducare
1051 2300 1206 2322 acet-uam
1230 2289 1288 2320 sed
1324 2294 1480 2320 reuertar

65 2335 104 2366 ad
122 2339 155 2367 te
174 2340 290 2377 postea
307 2336 382 2367 dum
400 2335 468 2367 eris
483 2340 613 2367 matura
627 2359 635 2366 .
650 2334 714 2366 Sed
733 2335 788 2376 qui
807 2345 870 2366 non
886 2339 995 2377 potest
1010 2335 1138 2366 uiribus
1151 2334 1265 2366 uerbis
1281 2344 1317 2366 se
1330 2339 1476 2366 maturat

68 2380 199 2412 facinus
217 2379 252 2411 C.

159 2424 212 2456 lv.
230 2425 260 2465 2]
279 2423 361 2457 fehlt
380 2425 416 2456 C.
436 2424 617 2463 Phaedrus,
635 2425 666 2464 4,
681 2424 711 2455 2.
731 2423 798 2456 Nil.
813 2423 845 2455 S.
863 2424 936 2457 139.
954 2424 1098 2466 Dorpius
1113 2424 1147 2456 C.
1164 2425 1194 2456 4.
1214 2423 1338 2456 Robert
1360 2426 1387 2457 1.
1402 2423 1478 2456 215.

159 2470 214 2502 lv.
233 2470 264 2510 3]
283 2470 367 2502 fehlt
385 2471 419 2502 C.
445 2469 510 2502 Nil.
529 2469 594 2501 fab.
614 2471 667 2501 50.
687 2468 776 2500 Rom.
796 2469 863 2501 Nil.
883 2470 935 2501 35.
956 2470 1105 2511 wright,
1126 2470 1155 2508 2,
1178 2470 1230 2500 21.
1249 2468 1406 2507 Neckaim
1425 2469 1479 2500 22.

72 2516 252 2558 Br0m5ard
266 2516 300 2555 C,
315 2516 412 2556 6,13.
427 2516 533 2547 Burm.
549 2525 622 2557 app.
635 2514 688 2546 23.
703 2514 809 2547 Marte
824 2515 878 2546 42.
893 2515 1014 2547 Abi-ah.
1030 2526 1049 2548 a
1062 2516 1094 2547 S.
1110 2514 1220 2554 Clara,
1241 2515 1342 2545 sudas
1356 2515 1387 2555 3,
1401 2514 1478 2545 257.

160 2561 213 2592 22.
239 2560 374 2602 secisse]
392 2571 443 2593 me
459 2559 581 2593 fecisse
598 2560 632 2591 Β.
