1659 2796
105 119 198 153 APP.
217 120 270 152 59.
1430 120 1447 157 1
1459 120 1507 157 15

104 222 256 261 minum
280 221 448 260 revereri
472 228 509 260 et
530 221 712 260 dominus
735 221 848 259 debet
869 233 1022 258 servum
1047 221 1204 272 diligere
1226 225 1263 258 et
1285 221 1382 258 tueri
1402 242 1409 249 ·
1435 222 1510 260 Do-

104 279 235 318 minus
260 290 336 317 non
359 283 489 328 potest
511 277 652 316 habere
675 279 862 316 honorem
893 277 967 315 nisi
996 290 1014 315 a
1045 289 1169 324 servo,
1202 282 1239 316 et
1268 288 1403 315 servus
1430 290 1509 317 non

105 341 232 387 potest
253 335 393 374 habere
416 334 560 373 bonum
586 335 659 373 nisi
681 348 701 374 a
724 334 883 373 domino
909 353 916 359 ·
942 334 1088 372 Neuter
1119 347 1208 385 ergo
1237 333 1402 371 istorum
1424 336 1509 373 sine

102 393 221 431 altero
243 393 342 430 valet
363 392 463 431 sicut
486 404 558 430 nec
579 404 647 442 pes
670 404 741 430 nec
763 403 898 429 manus
920 390 1004 429 sine
1022 398 1168 437 ventre,
1189 403 1258 430 nec
1277 396 1411 429 venter
1427 392 1511 430 sine

105 461 221 488 manu
243 449 300 487 vel
323 448 431 499 pede.

189 540 255 580 60.
307 539 549 587 QUOMODO
581 539 728 578 MILES
761 539 956 578 AL'DlYlT
990 538 1118 577 DL'OS
1151 539 1426 578 LATRONES.

214 596 320 636 Miles
341 597 380 635 in
403 609 538 647 campo
561 596 738 647 equitans
761 596 852 634 vidit
871 596 968 634 ‹luos
987 597 1153 634 latrones
1171 596 1286 634 simul
1303 608 1510 635 susurran-

103 660 160 692 tes
189 659 228 693 et
256 653 362 704 quasi
391 653 587 692 furtorum
619 653 776 691 consilia
807 659 1035 697 tractantes—3
1073 659 1110 691 et
1139 652 1328 692 accedens
1354 653 1399 691 ad
1423 665 1509 691 eos:

102 710 202 756 Quid
225 709 299 749 sihi
321 710 399 748 vult
423 710 483 748 illa
505 707 757 749 susurracio?
779 709 958 760 quesivit,
982 722 1069 747 cum
1093 710 1132 748 in
1151 722 1247 748 vano
1266 722 1401 760 campo
1419 722 1509 760 pos-

102 772 187 806 sent
210 767 314 806 nullo
338 767 520 805 audiente
543 767 647 817 loqui
670 779 745 817 que
770 766 909 805 vellent
934 787 940 794 ·
965 766 1010 804 Et
1032 766 1127 805 alter
1150 779 1286 805 eorum
1310 767 1511 817 respondit

101 824 154 862 ei:
172 823 258 862 Non
276 830 335 862 est
352 835 511 862 necesse
530 830 570 862 ut
585 823 639 862 sic
657 823 853 862 faciamus.
871 823 937 862 sed
957 823 1060 862 istud
1073 823 1226 862 videtur
1242 822 1354 862 nobis
1372 835 1511 874 magne

101 880 279 931 nequicie
291 892 387 931 opus
399 887 437 919 et
449 879 534 919 ideo
546 881 670 931 placet
680 880 793 919 nobis
806 902 814 908 -
825 880 858 917 Μ
872 894 893 918 o
905 893 950 918 ra
963 880 1049 918 lita
1059 893 1087 919 s.
1100 880 1162 918 Sic
1173 880 1279 919 stulti
1292 887 1330 918 et
1341 892 1509 931 nequam

99 937 248 976 faciunt
268 950 356 976 cum
380 950 470 977 suas
493 937 689 989 nequicias
713 943 893 976 exercent
925 943 962 975 et
992 937 1166 988 produnt
1198 937 1261 976 uhi
1282 937 1398 975 nichil
1421 936 1511 975 inde

101 994 318 1045 requirunt.

221 1086 287 1125 61.
348 1085 592 1133 QUOMODO
624 1085 790 1125 MtLUS
824 1085 1003 1124 VOLL'IT
1035 1085 1231 1124 NL'BERE
1269 1084 1392 1124 SOLI.

212 1151 335 1191 Mulus
359 1164 446 1190 cum
470 1152 582 1190 vellet
603 1151 765 1197 nubere,
788 1151 903 1190 liliam
925 1152 1015 1190 solis
1039 1152 1112 1190 sibi
1136 1164 1322 1203 sponsam
1345 1151 1511 1202 expecii-

100 1214 235 1260 utpote
256 1215 299 1248 ut
321 1209 386 1260 qui
410 1209 456 1247 de
479 1208 554 1247 alto
576 1220 719 1258 genere
741 1221 855 1247 suum
880 1208 1086 1247 instituere
1120 1209 1345 1247 intendebat
1378 1208 1511 1247 coniut

99 1265 206 1316 gium
228 1277 345 1316 super
368 1266 440 1304 hoc
463 1266 584 1304 solem
606 1265 812 1304 sollicitare
836 1265 934 1316 cepit
963 1287 970 1294 ·
1003 1265 1072 1304 Cui
1094 1265 1143 1304 ait
1167 1265 1243 1304 sol:
1269 1266 1308 1304 Si
1330 1277 1454 1315 genus
1478 1280 1510 1310 e,

99 1322 322 1372 potenciam
351 1322 391 1361 in
423 1334 566 1373 sponsa
595 1322 773 1372 requiris,
805 1322 1006 1361 ostendam
1038 1321 1106 1360 tibi
1136 1323 1405 1372 potenciorem
1434 1329 1511 1360 met

100 1378 244 1417 nubem
269 1378 459 1423 videlicet,
482 1379 549 1429 qui
571 1378 697 1417 radios
720 1392 842 1424 111005,
867 1392 915 1417 ne
938 1379 1084 1417 mundo
1114 1379 1276 1418 luceam.
1305 1379 1511 1430 sepissime

99 1448 141 1474 se
162 1435 367 1474 abscondit
385 1457 393 1464 ·
410 1435 568 1481 Vadam,
591 1435 719 1486 inquit
740 1435 880 1479 mulus,
905 1444 943 1474 et
965 1436 1047 1487 ejus
1069 1441 1245 1487 expetam
1270 1435 1400 1481 liliam,
1423 1436 1512 1487 quia

99 1499 143 1530 tu
165 1492 246 1531 eius
268 1493 489 1543 potenciam
509 1492 576 1531 tibi
594 1493 782 1543 proponis
801 1514 808 1521 ·
826 1492 939 1532 Venit
957 1493 1070 1543 igitur
1087 1493 1133 1531 ad
1152 1493 1311 1538 nubem,
1329 1499 1512 1544 expetens

100 1548 147 1587 ab
170 1561 212 1587 ea
234 1549 350 1588 filiam
374 1561 484 1587 suam
505 1570 512 1578 ·
530 1549 599 1587 Cui
621 1549 744 1587 nubes
766 1549 987 1599 respondit:
1022 1550 1060 1587 Si
1082 1562 1205 1599 genus
1234 1555 1271 1588 et
1291 1550 1510 1600 potenciam

100 1605 139 1644 in
161 1617 305 1657 sponsa
328 1605 505 1656 requiris,
536 1605 738 1644 ostendam
763 1606 1031 1656 potencimw‘m
1059 1619 1131 1651 me,
1160 1612 1321 1644 ventum
1351 1605 1510 1651 scilicet,

100 1663 165 1713 qui
189 1675 249 1701 me
272 1662 431 1713 dissipat,
453 1668 490 1701 et
511 1662 644 1700 dividit
667 1663 705 1701 in
728 1663 898 1701 diversas
920 1663 991 1701 celi
1012 1663 1140 1714 plagas
1168 1683 1175 1690 ·
1203 1663 1241 1701 Si
1273 1664 1324 1701 ita
1353 1669 1427 1707 est,
1459 1664 1512 1702 ait

101 1719 244 1763 mulus,
266 1719 387 1770 ipsius
411 1719 484 1757 tilie
508 1719 733 1769 coniugium
756 1727 896 1770 petam.
922 1720 1011 1770 quia
1033 1720 1252 1771 potenciam
1278 1719 1399 1771 ipsius
1423 1732 1513 1771 pre-

99 1775 202 1815 dicas
235 1788 319 1815 esse
341 1782 489 1814 tantam
516 1798 523 1805 ·
546 1776 660 1814 Venit
681 1788 773 1826 ergo
802 1776 848 1814 ad
874 1784 1035 1815 ventum
1067 1776 1216 1815 dicens:
1246 1777 1342 1823 Ouia
1363 1776 1512 1816 duabus

100 1832 241 1872 fortior
261 1832 411 1878 diceris,
434 1833 515 1871 sole
537 1832 713 1872 videlicet
735 1840 772 1872 et
793 1833 912 1877 nube,
934 1833 1049 1872 filiam
1070 1840 1178 1872 tuam
1201 1840 1338 1885 utpote
1363 1834 1513 1885 magnis

100 1889 292 1928 natalibus
315 1895 438 1928 ortam
463 1901 648 1940 sponsam
673 1898 762 1941 peto
783 1911 789 1919 ·
810 1890 876 1928 (lui
899 1897 1058 1929 ventus:
1086 1890 1127 1929 Si
1148 1890 1247 1929 vires
1270 1890 1385 1928 filiam
1409 1891 1511 1930 muri

101 1953 250 1997 expete,
280 1946 369 1998 quja
399 1946 480 1997 ipsa
500 1946 648 1985 viribus
678 1946 774 1985 meis
795 1947 918 1986 valide
952 1947 1097 1986 resistit
1128 1952 1165 1985 et
1194 1947 1366 1999 impetus
1402 1961 1510 1986 meos

100 2003 221 2042 valida
242 2003 408 2042 sustinet
429 2002 659 2042 fortitudine
679 2023 686 2031 ·
707 2003 862 2043 Vadam,
885 2004 1012 2054 inquit
1033 2004 1174 2044 mulus.
1203 2009 1240 2043 et
1261 2004 1355 2055 quid
1376 2004 1509 2043 horta—

99 2060 152 2099 ris
179 2060 319 2099 faciam
346 2059 515 2099 maxime
546 2072 633 2098 cum
665 2060 748 2098 eius
776 2060 1047 2099 fortitudinem
1074 2068 1153 2099 tam
1186 2061 1347 2100 validam
1377 2061 1482 2101 dicas
1499 2083 1508 2092 ·

100 2117 213 2156 Venit
234 2129 324 2167 ergo
348 2117 391 2155 ad
422 2128 579 2155 murum
612 2117 765 2156 diceus:
804 2117 953 2156 Ventus
981 2118 1092 2156 cuius
1124 2118 1241 2156 filiam
1271 2119 1417 2169 expecii
1447 2131 1509 2157 me

100 2173 205 2212 misit
221 2174 266 2213 ad
285 2179 322 2212 te
341 2173 440 2212 vires
458 2179 544 2212 tuas
562 2174 703 2212 validas
721 2174 933 2213 ostendens
951 2187 1034 2213 esse
1053 2196 1060 2203 ·
1080 2174 1132 2214 Da
1151 2174 1266 2224 igitur
1280 2176 1375 2214 mibi
1392 2176 1508 2214 filiam

98 2236 206 2270 tuam
226 2252 234 2259 ·
253 2230 321 2269 Cui
343 2230 544 2281 respondit
566 2243 722 2269 murus:
756 2230 797 2269 Si
819 2231 978 2269 alicuius
999 2231 1170 2282 potentis
1192 2233 1358 2283 requiris
1380 2232 1508 2277 filiam,

101 2287 303 2326 ostendam
326 2286 395 2325 tibi
417 2287 478 2326 c-ui
500 2300 568 2337 ego
587 2287 767 2325 resistcre
785 2300 865 2326 nou
882 2288 989 2327 valeo
1009 2310 1016 2317 ·
1036 2288 1119 2327 Mus
1138 2289 1205 2339 qui
1222 2289 1406 2328 interiora
1425 2302 1509 2327 mea

100 2343 264 2383 rimatur
285 2344 449 2387 assidue,
472 2344 539 2395 qui
560 2344 624 2382 ubi
648 2344 881 2383 fortissimus
902 2357 989 2383 sum
1011 2357 1073 2383 me
1096 2345 1265 2396 perfodit
1286 2352 1323 2383 et
1344 2346 1383 2384 in
1401 2358 1509 2384 sum-

100 2400 237 2440 mitate
258 2412 345 2440 mea
367 2401 534 2439 calamos
556 2413 648 2440 suos
669 2401 840 2448 collocat,
862 2401 946 2453 ipse
968 2407 1038 2447 est,
1062 2414 1177 2452 quem
1200 2415 1262 2441 me
1282 2402 1410 2441 iudico
1428 2403 1509 2441 for-

190 2526 262 2558 app.
283 2515 333 2547 60.
361 2515 438 2547 Cod.
459 2514 609 2556 Gotting.
633 2516 703 2549 111.
730 2514 838 2548 Marie
855 2516 907 2549 21.
934 2516 1087 2556 Legrand
1103 2516 1135 2555 4,
1155 2516 1228 2547 192.

191 2571 262 2603 app.
282 2560 336 2593 61.
363 2560 442 2593 cod.
461 2559 611 2602 Gotting.
633 2562 705 2594 114.
732 2560 837 2593 Marie
855 2561 907 2593 64.
934 2561 1134 2593 Lafontaine
1153 2562 1183 2602 9,
1204 2561 1231 2592 7.

1229 2617 1271 2652 8*

1545 772 1582 800 10

1544 1090 1582 1121 15

1542 1389 1582 1421 20

1540 1673 1581 1704 25

1540 1958 1582 1989 30

1538 2245 1580 2275 35
