1659 2796
74 132 165 167 APP.
183 131 234 165 56.
1399 130 1476 172 113

72 235 138 274 56.
189 233 434 281 QUOMODO
458 233 614 272 CAPRA
644 232 838 271 PETIVIT
862 231 1250 271 MlSERlCORDlAM
1282 233 1308 270 Α
1336 231 1477 270 LUPO.

185 304 306 354 Capra
330 302 421 340 dum
445 308 549 339 esset
571 301 609 339 in
632 301 784 352 pascuis
805 300 906 338 inter
926 300 1048 339 rubos
1072 301 1205 351 lupum
1231 300 1385 338 <divium
1412 300 1478 337 ha-

73 360 156 399 buit
207 358 306 405 Quid
336 358 397 397 hic
425 358 516 407 agis,
550 358 673 408 inquit
695 358 821 408 lupus,
854 357 955 395 inter
985 370 1100 407 opaca
1131 354 1321 395 nemora?
1358 356 1479 406 Capra

72 415 292 467 respondit:
325 428 343 454 a
367 413 457 453 facie
482 421 618 452 vestra.
642 414 799 452 donnne
824 414 896 453 mi,
930 414 995 451 diu
1018 414 1208 463 longeque·
1233 413 1387 461 diffugi,
1412 414 1478 451 sed

73 485 161 512 ecce
185 484 287 511 nunc
309 477 449 522 sponte
472 471 578 509 vobis
602 483 761 509 occurro
785 478 821 509 et
843 482 965 520 queso
998 476 1038 507 ut
1067 470 1374 508 misericordiam
1398 482 1480 508 mc-
1511 482 1523 508 5

72 542 159 569 cum
183 529 302 579 agatis
322 550 329 557 ·
349 528 417 566 Cui
441 528 553 579 lupus
577 528 649 566 ait:
674 534 712 566 et
729 540 798 577 ego
818 527 988 577 undique
1011 534 1047 565 te
1070 527 1215 578 quesivi
1234 534 1269 565 et
1286 527 1383 565 bene
1405 527 1480 564 iam

73 592 109 625 te
131 586 170 624 in
194 585 346 637 pascuis
369 584 466 623 meis
488 585 619 623 inveni
646 605 653 612 ·
682 584 812 623 Inveni
835 584 938 621 enim
963 595 1078 634 quam
1103 583 1223 634 diligit
1246 583 1374 621 anima
1398 596 1481 622 inea

73 649 111 681 et.
133 642 438 681 misericordiam
462 647 592 680 tecum
615 641 747 680 faciam
773 653 890 692 quam
913 640 1091 685 volueris,
1116 641 1184 678 sed
1209 640 1322 679 vitam
1347 641 1392 678 dc
1416 653 1483 678 ce-

73 705 154 737 tero
173 698 315 738 habere
335 711 414 737 non
433 699 578 749 poteris
599 719 605 726 ·
626 698 761 738 Vitam,
782 696 904 747 inquit
925 709 1049 748 capra.
1069 709 1149 735 non
1168 703 1270 747 peto.
1289 697 1354 736 sed
1376 708 1481 746 rogo,

74 761 116 795 ut
137 755 287 794 vivendi
310 755 484 805 spacium
509 755 602 793 mihi
625 755 826 799 concedas,
851 754 974 792 donec
997 754 1091 792 duas
1110 754 1246 792 missas
1264 754 1482 800 decantem,

72 825 190 852 unam
213 824 282 863 pro
305 825 367 850 me
389 817 427 850 et
448 813 607 850 alteram
630 824 700 862 pro
724 818 760 850 te
779 832 786 839 ·
807 811 997 850 Concedo.
1016 811 1139 861 inquit
1162 811 1290 861 lupus,
1310 810 1402 861 quid
1418 822 1483 848 ro-

73 882 138 920 gas
157 891 164 898 ·
182 868 230 907 Et
251 869 304 907 ait
326 881 457 919 capra:
481 868 611 907 ducite
633 881 722 919 ergo
747 881 805 907 me
830 868 867 906 in
892 868 1133 906 eminentem
1158 868 1261 906 hunc
1290 868 1419 906 locum
1443 874 1483 906 ut

72 939 161 965 cum
184 925 335 977 superis
357 924 518 963 vicinior
539 925 670 968 fuero:
694 925 765 976 ipsi
787 937 849 963 me
873 925 1010 963 melius
1032 924 1192 963 audiant
1209 931 1430 963 cantantem
1449 929 1486 962 et

72 987 248 1021 orantem
279 988 317 1021 et
344 994 457 1033 capre
485 982 681 1020 silvestres
713 988 749 1020 et
777 981 989 1020 domestice
1011 981 1206 1019 audierint
1236 981 1319 1032 ipse
1350 981 1485 1020 devote

72 1039 221 1078 reddite
242 1052 312 1090 pro
336 1051 396 1077 me
418 1046 455 1077 et
479 1051 547 1089 pro
572 1038 680 1077 vobis
703 1038 868 1077 orabunt
888 1060 895 1067 ·
914 1038 1151 1088 Factumque
1174 1045 1232 1077 est
1250 1043 1293 1076 ut
1311 1037 1482 1087 rogavit·

73 1096 290 1135 Constituta
313 1095 427 1145 igitur
444 1095 483 1133 in
503 1095 689 1134 eminenti
707 1096 789 1134 loco
809 1095 1021 1145 respiciens
1041 1095 1165 1133 celum
1185 1095 1287 1146 cepit
1304 1095 1377 1135 alta
1395 1106 1486 1132 voce

72 1153 263 1192 clamare·
283 1152 331 1190 Et
352 1153 466 1203 lupus
488 1152 607 1191 astitit
630 1152 662 1190 ei
686 1152 847 1191 credens
870 1152 974 1203 quod
997 1151 1155 1190 missam
1179 1157 1379 1191 cantaret·
1403 1151 1486 1190 Au-

72 1209 305 1260 dierumque
327 1209 532 1247 clamorem
557 1221 669 1259 capre
692 1209 807 1247 ricini
829 1220 941 1246 canes
965 1216 1001 1247 et
1023 1208 1159 1247 rustici
1181 1209 1325 1260 egressi
1349 1208 1394 1247 de
1418 1208 1487 1246 vil-

71 1266 116 1304 lis
152 1267 288 1317 lupum
319 1265 483 1304 insecuti
521 1272 614 1304 sunt
644 1272 682 1304 et
711 1265 1098 1315 comprehenderunt
1134 1278 1222 1304 eum
1253 1272 1292 1303 et
1319 1264 1485 1304 fustibus

71 1322 189 1374 impie
212 1335 300 1361 eum
325 1321 548 1360 ceciderunt
569 1326 607 1359 et
629 1334 784 1372 capram
807 1321 853 1359 de
877 1322 955 1360 suis
979 1321 1177 1360 morsibus
1198 1321 1482 1361 liberaverunt·

73 1379 138 1430 qui
161 1379 253 1418 dum
275 1378 496 1416 traheretur
517 1384 555 1417 et
576 1379 781 1417 cederetur
803 1379 848 1417 ad
872 1390 1027 1429 capram
1050 1378 1166 1417 dixit:
1191 1379 1275 1418 Heu
1300 1391 1360 1417 me
1383 1378 1484 1418 infe-

70 1435 195 1481 licem,
219 1435 308 1486 quia
332 1440 373 1473 ut
394 1434 504 1473 video
526 1447 595 1486 pro
620 1448 681 1473 me
705 1435 847 1481 minus,
870 1447 939 1486 pro
964 1441 999 1474 te
1021 1442 1150 1474 autem
1175 1436 1321 1487 optime
1346 1435 1483 1474 orasti·

71 1491 117 1530 Et
140 1491 192 1531 ait
212 1503 346 1542 capra:
380 1492 558 1531 sufficere
581 1491 673 1530 mihi
697 1491 825 1535 debet,
855 1492 959 1543 quod
991 1492 1192 1531 oraciones
1223 1506 1308 1532 mee
1329 1505 1399 1544 pro
1423 1505 1483 1532 me

71 1548 152 1587 sola
174 1547 354 1587 exaudite
376 1547 454 1586 sint
472 1569 480 1577 ·
504 1548 764 1587 moralitas.
791 1549 853 1587 Sic
876 1548 987 1587 multi
1010 1561 1098 1587 cum
1121 1549 1243 1588 aliena
1265 1550 1422 1599 negocia
1443 1562 1484 1589 se

70 1611 235 1644 tractare
259 1604 396 1643 dicunt
413 1611 451 1643 et
467 1606 715 1656 promittunt,
733 1618 803 1656 pro
823 1606 902 1644 suis
921 1605 1040 1655 magis
1059 1606 1210 1645 solliciti
1230 1613 1321 1645 sunt
1337 1613 1372 1645 et
1390 1620 1481 1658 pro—

71 1662 165 1713 priis
187 1661 419 1701 utilitatibus
442 1662 630 1700 insistunt
651 1682 657 1688 ·
677 1662 842 1700 Versus:
866 1662 957 1701 Plus
974 1662 1056 1701 aliis
1074 1675 1143 1714 pro
1162 1669 1198 1702 te
1216 1676 1331 1715 quam
1355 1669 1396 1703 tu
1415 1663 1483 1703 tibi

71 1719 230 1758 credere
252 1718 352 1765 noli3
374 1718 440 1769 qui
464 1717 531 1757 tibi
554 1718 736 1757 dormitat
760 1719 831 1757 scit
855 1719 1009 1770 vigilare
1032 1719 1117 1758 sibi.

424 1834 489 1873 57.
551 1834 612 1873 DE
646 1834 814 1874 [XORE
846 1835 1123 1874 PROTERYA.

185 1904 311 1943 Homo
334 1904 490 1955 quidam
515 1904 649 1943 habuit
675 1917 835 1943 uxorem
867 1904 1051 1944 rebellem
1082 1911 1120 1944 et
1149 1912 1421 1945 contumacem
1445 1913 1483 1945 et

74 1962 268 2012 garrulam
287 1983 294 1990 ·
313 1961 483 2011 Contigit
512 1973 602 2011 ergo
630 1961 733 2012 quod
760 1962 967 2013 aliquando
998 1963 1142 2013 pariter
1169 1963 1416 2002 ambularent
1443 1963 1480 2002 in

73 2025 184 2069 prato
207 2018 310 2069 quod
333 2031 459 2069 nuper
480 2018 663 2057 dominus
687 2019 786 2069 prati
809 2032 894 2058 cum
922 2032 1074 2058 summa
1101 2019 1302 2071 diligencia
1318 2020 1484 2059 falcave-

73 2080 144 2121 rat,
168 2081 205 2114 et
226 2075 278 2114 ait
298 2075 437 2114 homo:
468 2087 584 2126 quam
614 2075 820 2126 diligenter
852 2083 890 2115 et
921 2088 1091 2127 congrue
1120 2077 1301 2115 falcatum
1333 2083 1389 2116 est
1412 2077 1483 2116 hoc

73 2137 227 2183 pratum
254 2153 262 2161 ·
287 2132 479 2178 Mentitis,
511 2131 563 2170 ait
586 2132 744 2171 mulier.
776 2133 960 2184 quoniam
993 2134 1138 2185 t'orpice
1167 2134 1366 2185 precisum
1399 2140 1481 2172 est-

74 2189 249 2240 Semper,
271 2188 400 2240 inquit
422 2189 488 2231 vir,
513 2188 640 2227 verbis
664 2189 762 2228 meis
785 2190 978 2228 contraria
1000 2191 1129 2234 fuisti;
1151 2191 1219 2230 sed
1241 2198 1370 2230 tamen
1395 2203 1481 2229 vere

73 2245 151 2284 scio
174 2246 276 2297 quod
299 2252 454 2296 pratum
478 2246 625 2284 vicinus
649 2258 760 2285 meus
781 2246 878 2285 falco
902 2247 1079 2286 dimescit
1097 2270 1103 2276 ·
1122 2247 1280 2294 Deliras,
1311 2248 1363 2286 ait
1392 2260 1478 2287 mu-

72 2302 155 2347 lier,
169 2302 254 2353 quia
272 2302 416 2354 sorpicc
434 2303 578 2341 factum
598 2309 654 2342 est
669 2324 676 2331 ·
691 2303 771 2342 lloc
788 2305 1001 2343 secundum
1016 2305 1342 2344 consuetudinem
1362 2310 1480 2351 tuam,

71 2359 200 2410 inquit
221 2360 289 2406 vir,
310 2372 467 2411 semper
483 2360 691 2399 novissima
710 2361 764 2399 vis
781 2362 950 2400 retinere
968 2362 1081 2401 verba
1100 2383 1107 2391 ·
1126 2362 1173 2400 Et
1192 2362 1361 2400 deiciens
1377 2361 1478 2399 illam

72 2415 253 2455 incubuit
279 2428 396 2468 super
416 2429 501 2456 eam
533 2423 570 2455 et
591 2417 705 2455 dixit:
737 2417 816 2469 Ego
847 2419 976 2470 lingue
1008 2419 1192 2465 officium,
1223 2431 1296 2470 qua
1326 2430 1482 2470 semper

163 2542 235 2575 app.
255 2532 307 2565 56.
334 2532 411 2566 Cod.
432 2532 580 2573 Gottiug.
600 2533 652 2565 70.
683 2532 789 2565 Marie
808 2534 860 2566 94.
879 2532 919 2566 cf.
939 2543 1011 2576 app.
1030 2533 1078 2564 19.

164 2587 234 2620 app.
255 2578 307 2610 57.
334 2578 412 2611 Cod.
434 2576 582 2619 Gotting.
603 2579 653 2611 71.
681 2578 788 2611 Marie
807 2579 859 2611 95.
888 2578 1041 2620 Legrand
1058 2579 1091 2621 4,
1111 2577 1191 2619 1613
1209 2577 1240 2618 2,
1259 2576 1333 2610 334.

143 2638 300 2674 Oestexley,
318 2639 357 2666 Rc
363 2639 464 2667 mulus.
1200 2635 1221 2668 8

1517 762 1553 793 lo

1520 1047 1555 1078 15

1511 1974 1553 2005 30

1502 2257 1549 2300 ‚35
