1659 2796
77 137 239 171 APP.51.
1414 142 1489 181 111

207 241 273 278 51.
334 236 576 285 QVOMODO
611 237 726 276 LUPI
758 238 1113 278 INTRAVERUNT
1144 239 1359 279 MESSEM.

186 295 334 335 Accidit
365 293 574 344 aliquando
603 299 646 332 ut
674 294 751 333 duo
779 295 860 346 lupi
888 295 961 333 sibi
984 296 1148 335 invicem
1180 304 1435 335 occurrerent
1457 304 1495 336 et

71 352 369 391 confabulantes
391 350 438 388 de
462 350 535 388 hoc
555 356 748 400 ceperunt
769 363 883 402 agere
904 351 1008 390 inter
1028 364 1070 390 se
1092 353 1194 403 quod
1220 353 1400 392 homines
1423 364 1495 391 na-

74 410 252 448 turaliter
274 409 385 458 lupos
407 406 544 445 odiunt
567 411 605 445 et
627 420 694 445 eos
716 407 926 447 inclamant
947 408 1069 447 eciam
1084 421 1174 447 cum
1194 409 1314 448 nichil
1331 410 1422 449 mali
1440 411 1495 448 eis

73 467 198 504 facere
220 464 431 504 intendant
452 484 458 490 ·
486 462 534 500 Et
556 462 649 501 dixit
671 475 774 502 unus
797 464 844 502 ad
867 465 1053 502 alterum:
1080 465 1268 503 Homines
1292 478 1496 516 nunquam

71 521 253 561 viderunt
275 534 346 560 nos
369 519 516 570 aliquid
538 519 631 557 boni
655 519 800 566 facer03
824 521 892 559 sed
915 520 948 559 si
968 522 1089 560 semel
1112 522 1281 560 viderint
1303 534 1374 560 nos
1397 522 1496 561 bene

71 578 211 624 facere,
234 577 396 617 credent
419 575 603 627 deinceps
624 576 800 615 similiter
822 589 894 616 nos
912 577 1007 615 velle
1031 578 1260 617 malefacere
1281 599 1287 605 -
1315 579 1497 629 Respon-

71 635 128 674 dit
148 636 264 673 alter:
286 633 377 684 quid
402 632 507 671 enim
530 632 747 683 poterimus
770 632 864 672 boni
886 636 1025 680 facere,
1049 641 1092 673 ut
1108 635 1182 673 hoc
1200 636 1375 686 exemplo
1395 635 1495 674 bona

71 691 118 730 de
140 691 254 730 nobis
278 686 518 741 sperentur?
549 689 654 727 Alter
677 689 794 727 dixit:
826 689 1021 730 Exeamus
1050 693 1152 730 foras
1181 691 1227 729 de
1250 702 1425 735 nemore,
1457 698 1495 730 et

70 747 159 799 quia
182 748 221 786 in
244 747 376 786 labore
396 757 580 796 agrorum
599 751 692 784 sunt
710 746 904 791 homines,
928 747 1158 786 adiuvemus
1183 760 1249 787 eos
1272 748 1494 798 manipulos

70 804 249 853 colligere
269 825 275 831 -
305 803 370 842 Sic
392 815 483 853 ergo
507 802 651 853 egressi
673 803 721 841 de
743 802 837 840 silva
854 802 894 841 in
913 816 1095 855 campum
1114 810 1307 843 venerunt
1325 810 1361 842 et
1378 805 1497 843 colle-

70 866 212 911 gerunt
236 858 458 910 manipulos
480 859 579 898 sicut
601 859 859 898 condixerant
878 880 884 886 ·
914 859 993 900 Nec
1014 873 1125 899 mora
1153 860 1286 899 statim
1319 866 1362 899 ut
1385 861 1495 899 vide-

69 922 160 956 rent
186 917 366 955 homines
390 916 503 966 lupos
525 915 564 954 in
588 927 693 965 agro,
723 928 812 954 cum
835 915 1006 955 clamore
1030 917 1153 955 valido
1185 923 1279 955 sunt
1301 930 1367 955 eos
1389 917 1495 955 inse-

70 974 149 1013 cuti
172 994 178 1001 ·
206 972 412 1012 Ammirati
434 978 526 1010 sunt
542 971 622 1023 lupi
640 977 678 1010 et
694 972 901 1011 dixerunt:
940 973 1041 1019 Ouid
1063 973 1136 1012 sibi
1163 974 1245 1012 vult
1268 973 1356 1019 hoc,
1390 974 1496 1025 quod

69 1041 142 1068 nos
164 1030 380 1068 inclamant
402 1028 457 1067 sic
478 1028 554 1073 isti,
578 1041 667 1067 cum
691 1041 771 1067 non
795 1029 939 1068 malum
957 1030 1026 1068 sed
1044 1030 1192 1069 bonum
1212 1030 1388 1080 ipsorum
1408 1043 1494 1068 me-

70 1084 290 1126 lioramur‘?
317 1086 540 1124 Redeamus
564 1097 666 1135 erge,
699 1091 761 1136 ayt
781 1085 891 1131 alter,
924 1091 962 1124 ct
983 1086 1084 1125 sicut
1105 1086 1380 1125 consuevimus
1403 1099 1493 1137 aga-

68 1155 178 1190 mus3
201 1143 280 1181 sive
302 1143 408 1181 enim
430 1141 594 1187 1101111111,
618 1142 696 1180 sive
716 1142 862 1180 malum
886 1143 1109 1187 fecerimus,
1131 1143 1314 1181 homines
1337 1153 1495 1194 semper

69 1199 273 1238 habebunt
297 1210 370 1237 nos
395 1211 534 1237 exosos
557 1219 563 1227 ·
592 1198 858 1237 Moralitas.
897 1199 961 1237 Sic
978 1205 1036 1238 est
1060 1200 1107 1238 de
1131 1200 1243 1238 malis
1264 1199 1494 1238 hominibus

69 1268 159 1295 cum
191 1260 430 1306 expectatam
463 1255 685 1295 mercedem
710 1261 748 1293 et
768 1255 945 1294 favorem
967 1267 1047 1294 non
1070 1256 1281 1307 recipiunt,
1310 1257 1443 1295 statim
1474 1268 1493 1294 a

70 1312 174 1352 bono
197 1324 315 1363 opere
337 1317 583 1363 torpescunt.

109 1402 176 1442 52.
209 1402 452 1449 QUOMODO
485 1402 581 1441 LEO
613 1402 910 1442 DIIUDICAVIT
942 1402 1113 1441 LUPUM
1144 1403 1205 1441 ET
1238 1402 1466 1442 VLTLPEM„

182 1471 290 1510 Inter
312 1471 557 1522 vulpeculam
580 1476 617 1509 et
632 1471 770 1522 lupum
787 1482 922 1521 graves
941 1476 1034 1509 sunt
1050 1476 1133 1509 orte
1151 1471 1345 1510 discordie
1365 1477 1403 1509 et
1418 1471 1492 1510 hoc

67 1527 213 1567 malum
236 1528 332 1566 adeo
355 1527 528 1568 invaluit,
560 1528 666 1578 quod
696 1527 803 1565 nullo
832 1528 949 1566 modo
979 1528 1218 1566 concordare
1249 1533 1491 1578 potuerunt·

68 1584 144 1623 Sed
163 1584 317 1623 stabant
334 1584 543 1635 aliquando
561 1596 692 1623 eoram
715 1583 842 1623 iudice
860 1585 985 1623 leone.
1003 1583 1185 1622 videlicet
1202 1584 1268 1634 qui
1285 1595 1354 1622 rex
1370 1584 1493 1622 besti-

68 1652 181 1680 arum
203 1646 263 1679 est
286 1646 456 1685 vocatus,
478 1640 545 1679 ubi
567 1641 683 1692 lupus
705 1646 886 1679 causatus
909 1645 969 1678 est
991 1640 1247 1691 vulpeculam,
1269 1639 1490 1691 probabiles

67 1709 248 1736 asserans
271 1710 421 1742 causas,
452 1697 594 1748 quibus
617 1697 801 1736 adversus
823 1697 1070 1747 vulpeculam
1100 1696 1198 1735 iuste
1229 1697 1392 1736 deberet
1412 1697 1491 1735 ira-

67 1754 122 1793 sci
145 1775 150 1781 ·
181 1753 246 1792 Illa
268 1766 358 1792 vero
383 1753 572 1805 equaliter
589 1766 678 1792 suas
697 1754 881 1805 proponit
897 1753 1061 1792 iniurias
1080 1775 1086 1780 -
1116 1754 1162 1791 Et
1178 1753 1230 1792 ait
1247 1754 1326 1792 leo:
1348 1754 1492 1792 Iustior

67 1810 238 1862 quidem,
261 1816 303 1848 ut
327 1810 420 1849 mihi
446 1810 611 1855 videtur,
635 1816 693 1849 est
716 1823 833 1850 causa
855 1810 1056 1861 vulpecule
1079 1815 1117 1848 et
1136 1821 1223 1848 vera
1246 1816 1339 1848 sunt
1357 1810 1493 1848 forsan

66 1880 142 1917 que
163 1866 340 1918 loquitur
360 1888 366 1894 ·
396 1867 473 1906 Sed
496 1867 696 1905 mendacia
718 1866 798 1918 lupi
822 1867 979 1905 maioris
1000 1872 1094 1904 sunt
1114 1866 1355 1905 auctoritatis
1375 1879 1489 1917 quam

65 1923 246 1962 veritates
262 1924 483 1974 vulpecule·
512 1924 581 1962 Mo
595 1923 785 1962 ralitas.
810 1924 874 1962 Sic
896 1923 962 1974 qui
984 1923 1198 1962 mendaciis
1221 1928 1278 1961 est
1296 1929 1490 1968 assuetus,

65 1979 97 2018 si
121 1980 330 2031 aliquando
354 1993 443 2019 vera
468 1981 654 2031 loquitur.
678 1980 753 2019 sibi
776 1993 856 2019 non
880 1979 1066 2018 creditur.

165 2071 232 2110 53.
297 2071 542 2117 QUOMODO
576 2071 759 2111 PlCTOR
792 2071 1002 2110 UXOREM
1033 2070 1400 2109 REPREHENDIT-

179 2139 346 2186 Quidam
368 2140 494 2190 pictor
518 2140 600 2180 suit.
624 2141 689 2191 11111
712 2140 813 2190 quod
837 2139 1032 2190 pingebat,
1056 2139 1166 2178 uxori
1189 2152 1257 2177 sue
1279 2140 1326 2178 ad
1344 2150 1490 2178 consu-

66 2195 211 2234 endum
234 2195 550 2238 commendabat,
573 2202 616 2235 ut
638 2197 676 2234 in
699 2196 859 2247 singulis
883 2208 982 2247 quos
1004 2197 1089 2247 ipse
1111 2197 1261 2235 fecerat
1285 2196 1487 2236 tractibus,

63 2251 191 2302 ipsum
214 2253 440 2291 consuendo
471 2253 716 2292 imitaretur·
754 2253 937 2305 Respexit
965 2253 1091 2304 pictor
1118 2260 1156 2292 et
1186 2252 1280 2291 vidit
1310 2253 1489 2303 ineptum

65 2320 162 2359 opus
186 2314 223 2347 et
246 2309 349 2360 cepit
371 2309 551 2349 incusare
575 2310 832 2361 operatricem
861 2310 908 2349 de
938 2310 1175 2361 negligencia
1195 2331 1202 2338 ·
1232 2310 1371 2348 Yidens
1393 2320 1485 2358 ergo

153 2446 222 2477 app.
243 2435 294 2467 51.
323 2436 400 2467 Cod.
420 2436 568 2476 Gotting.
590 2437 640 2468 153.
668 2436 776 2468 Μαι-10
795 2436 845 2467 SS.
874 2436 1026 2477 Legrand
1043 2437 1074 2477 4,
1093 2436 1168 2477 207,
1190 2436 1255 2477 vgl.
1277 2437 1302 2476 1,
1319 2434 1394 2467 383.
1423 2434 1488 2466 La-

65 2478 213 2512 fontaine
236 2481 288 2521 10,
307 2480 337 2520 6,
356 2481 422 2521 vgl.
446 2482 495 2520 12,
517 2482 545 2512 9,

154 2536 223 2567 app.
245 2525 296 2557 52.
324 2526 400 2558 Cod.
422 2525 570 2566 Gotting.
591 2527 642 2558 64.

153 2580 223 2612 app.
245 2572 295 2602 53.
323 2572 400 2602 Cod.
421 2571 572 2611 Gotting.
593 2571 645 2604 66.
674 2572 740 2611 vgl.
759 2571 866 2604 Men-ie
886 2572 937 2604 91.
968 2572 1120 2612 Legrand
1139 2572 1170 2612 4,
1193 2572 1264 2603 176.

1530 757 1567 788 w

1526 1038 1565 1069 15

1522 1316 1564 1349 20

1522 1654 1564 1685 25

1521 1936 1563 1967 30

1519 2272 1561 2303 35
