1659 2796
75 118 179 151 ROM.
198 118 229 157 2,
248 116 278 149 6.
1428 120 1479 156 55

74 232 181 271 sibus
206 243 348 269 nouem
375 252 382 259 ·
406 236 443 269 et
474 230 514 268 in
546 230 669 269 lucem
701 230 834 269 effudit
854 230 1075 281 parturiens
1100 249 1107 257 ·
1131 230 1198 268 sed
1227 230 1298 278 lngo
1326 236 1382 268 est
1412 243 1488 281 quac·

76 301 137 326 me
163 287 285 326 nutrit
310 292 347 325 et
370 287 433 325 dat
457 287 573 325 ubera
595 299 663 324 sua
688 287 780 325 milii
804 309 811 316 ·
838 294 949 325 natos
971 293 1101 326 autem
1124 300 1215 324 suos
1239 286 1390 324 fraudat
1415 307 1421 314 ·
1447 293 1489 324 ut

75 345 133 383 lac
164 356 244 382 non
277 343 377 382 desit
408 344 500 381 mihi
525 363 531 370 ·
555 342 584 380 E
615 350 749 382 contra
780 344 885 381 canis
909 365 915 372 ·
940 344 995 382 sio
1024 343 1070 381 ait
1103 354 1202 393 agno
1226 364 1233 371 ·
1257 343 1406 381 Tamen
1429 343 1489 380 illa

74 407 134 439 est
159 400 227 438 tibi
260 400 398 438 sortior
428 405 551 438 mater
574 421 580 428 ·
605 412 680 449 que„¹
703 407 738 438 to
767 399 917 450 peperit
939 422 946 428 ·
969 406 1007 438 et
1036 412 1156 449 agnus
1185 399 1237 437 ait
1259 420 1266 428 ·
1292 399 1344 437 Ita
1367 404 1426 437 est
1449 405 1491 437 ut

74 457 170 495 diois
196 478 202 486 ·
227 456 302 494 Sed
323 462 361 495 ut
379 456 523 495 licitum
544 462 603 494 est
625 462 763 505 natm-cg
781 456 1008 494 conceditur
1022 457 1060 494 in
1079 469 1146 494 sua
1165 455 1238 493 sibi
1258 455 1344 506 quis
1362 461 1486 493 esset·

74 525 122 551 an
147 513 346 551 masculus
376 524 422 551 an
455 512 598 551 femina
631 511 864 563 poem-Ibus?
887 513 978 564 quid
1011 513 1167 563 prodest
1196 512 1295 550 lilius
1319 534 1326 541 ·
1350 512 1422 550 nisi
1446 518 1489 550 ut

73 569 224 608 lanioni
247 570 296 607 sit
319 568 500 608 lucrum?
536 569 611 607 Aut
635 575 675 607 ut
694 576 827 620 putant
846 569 1044 607 hominem
1065 569 1248 619 prodesse
1268 591 1275 598 -
1292 574 1329 607 et
1352 569 1390 606 in
1413 568 1488 607 illis

74 625 239 664 dubium
266 632 324 664 cst
347 647 354 654 ·
378 627 492 664 Iidem
517 638 674 664 seruare
697 639 935 677 quemquam
958 626 1041 665 sibi.

132 778 167 815 7.
215 776 379 815 SENEM
403 776 638 815 llossulzuli
669 776 858 815 NYLLvs
882 777 1039 815 nEBET
1063 799 1070 805 ·
1094 777 1157 814 AT
1180 774 1329 814 SINON
1353 776 1427 814 vis

74 845 249 884 SENEM
286 844 518 883 DILIGERE
554 844 647 882 VEL
681 844 840 882 FACTA
866 845 977 882 tfiu's
1001 844 1186 882 PuloltA
1213 843 1376 883 DILIGE
1397 843 1487 882 -ET

449 913 562 951 Avnl
585 913 812 951 FABYLAM
836 911 1121 951 SYBIECTAM.

189 1027 305 1066 Canis
324 1040 411 1066 cum
429 1028 590 1066 domino
608 1041 677 1066 suo
689 1028 779 1066 satis
793 1029 944 1067 fecisset
963 1028 1143 1067 uenando
1161 1040 1318 1079 semper
1334 1028 1491 1067 iuuenis

74 1084 258 1123 uenando
282 1105 289 1113 ·
313 1085 426 1123 annis
450 1084 525 1123 iam
548 1085 715 1135 grauatis
738 1091 773 1123 et
803 1098 872 1123 sua
897 1085 970 1123 iam
994 1091 1094 1133 etate
1124 1085 1297 1123 tardatus
1321 1107 1327 1113 ·
1352 1085 1490 1123 dentes

74 1147 205 1179 autem
229 1140 403 1179 infirmos
430 1144 560 1179 ferens
591 1154 677 1179 cum
702 1142 1053 1192 coinpreliffllderet
1081 1142 1251 1180 auritum
1283 1142 1457 1192 leporem
1481 1163 1488 1170 ·

74 1210 142 1236 sua
167 1197 310 1235 uirtute
340 1198 562 1248 lepusculus
593 1198 711 1236 exiuit
741 1198 786 1236 de
818 1211 884 1236 oro
914 1198 1018 1236 canis
1044 1220 1050 1227 ·
1076 1198 1199 1236 Suum
1233 1210 1373 1249 eorpus
1401 1198 1492 1248 quia

73 1266 153 1294 non
173 1255 297 1292 luerat
316 1254 438 1292 lesum
456 1275 462 1283 ·
484 1254 616 1304 fatigat
634 1266 703 1305 per
725 1267 905 1305 campum
924 1267 1060 1293 canem
1080 1276 1087 1283 ·
1106 1255 1289 1293 Irascitur
1307 1255 1490 1293 dominus

75 1311 161 1350 cani
181 1332 188 1339 ·
208 1315 245 1347 et
262 1310 437 1361 obiurgat
455 1311 629 1361 ineptum
648 1311 703 1349 rei
722 1332 729 1338 ·
749 1312 817 1349 Cui
835 1312 938 1350 ranis
956 1317 1091 1349 eontra
1110 1312 1165 1349 sic
1183 1311 1322 1349 dixisse
1340 1311 1465 1349 fertur
1482 1332 1488 1339 ·

75 1369 176 1407 Sunt
196 1367 421 1416 animesine
438 1367 587 1406 uiribus
607 1389 614 1396 ·
633 1373 726 1406 sunt
744 1368 915 1406 scabrosi
933 1368 1070 1406 dentes
1090 1389 1097 1395 -
1116 1368 1263 1406 fuimus
1281 1367 1490 1418 aliquando

74 1427 195 1463 sortes
209 1445 216 1452 ·
231 1423 392 1462 laudasti
411 1424 513 1475 quod
533 1424 677 1462 suimus
697 1445 704 1453 ·
724 1437 829 1463 nunc
847 1425 1033 1475 dampnas
1056 1425 1158 1475 quod
1177 1424 1492 1463 sumus-Memo-

74 1492 159 1520 rare
176 1480 338 1531 pristina
359 1502 366 1509 ·
385 1488 422 1519 et
439 1481 671 1531 quodhodie
688 1494 896 1532 possumus
916 1503 922 1510 ·
941 1481 1043 1532 apud
1062 1487 1098 1519 te
1117 1481 1263 1519 bonurn
1283 1487 1318 1520 et
1337 1486 1490 1531 gratum
1517 1492 1524 1500 ⁵

73 1538 124 1576 sit
147 1558 154 1566 ·
174 1537 276 1588 Ergo
295 1537 366 1586 hec
382 1537 509 1578 fabula
529 1537 641 1575 nohis
658 1537 795 1588 probat
809 1558 816 1565 ·
830 1538 932 1589 quod
952 1538 984 1576 si
999 1537 1086 1589 quis
1104 1537 1200 1577 bene
1218 1537 1293 1588 egit
1311 1537 1489 1577 iuuenis·

73 1600 117 1633 ut
138 1605 257 1632 senex
281 1605 361 1631 non
385 1599 698 1645 contempnatur.

164 1767 202 1806 II,
222 1767 253 1807 ἶ]
272 1767 313 1807 V,
333 1766 345 1797 1
369 1766 401 1798 C.
438 1766 616 1801 Phaedrus.
637 1767 668 1805 4,
687 1766 738 1798 39.
775 1765 940 1798 Hirr-libus
956 1767 982 1807 1,
1004 1766 1057 1798 60.

164 1813 286 1845 9—11.
306 1811 771 1852 SENEM—st131EC'r2ffl.]
797 1812 951 1844 INCIPIT
976 1812 1099 1844 LIBER
1125 1811 1310 1854 QUNTUS
1333 1811 1487 1843 AESOPI

75 1857 354 1891 FABIJLARIJM.
393 1857 448 1888 DE
468 1856 725 1889 SENECTUTE
746 1858 779 1888 C.
812 1857 871 1888 das
893 1857 998 1889 ffinfte
1012 1858 1096 1889 buch
1111 1857 1156 1889 ist
1174 1856 1240 1889 fast
1259 1858 1341 1889 ohne
1355 1868 1490 1889 correc-

72 1908 128 1935 tur
148 1914 211 1934 von
231 1903 290 1934 der
307 1903 452 1934 zweiteu
470 1903 566 1944 hand,
585 1903 687 1934 daher
706 1902 907 1934 entsetzlich
925 1903 1094 1935 verderbt.

167 1948 218 1980 12.
244 1948 521 1988 satis—iuuenis]
552 1958 681 1990 semper
706 1946 851 1979 faciebat
870 1949 1080 1980 uenationem
1111 1973 1117 1980 .
1151 1948 1207 1991 qui
1237 1948 1310 1979 dum
1340 1948 1490 1990 satisque

72 1994 224 2026 uenando
244 1993 433 2025 satiebatur
451 1994 604 2025 diuersos
623 1998 655 2025 et
674 1992 776 2024 bonos
795 1993 888 2025 cibos
906 1994 960 2035 qui
979 1994 1053 2025 dum
1072 1994 1106 2025 C.

170 2040 219 2071 13.
241 2039 304 2070 iam
323 2039 424 2079 etate]
443 2043 553 2070 aetate
568 2039 635 2080 jam
655 2038 687 2069 ss.
708 2057 749 2061 —
768 2039 931 2079 grauatis]
950 2044 1110 2080 grauatus
1130 2039 1163 2071 C.

168 2085 308 2117 15—16.
327 2084 549 2123 sua—lesum]
575 2088 685 2115 aetate
711 2094 791 2115 uero
811 2085 927 2115 tardus
946 2083 1403 2127 comprehenderit—auditum
1420 2082 1492 2114 uir-

72 2133 144 2161 tute
163 2140 222 2161 sua
240 2129 374 2161 auditus
392 2129 504 2171 rapuit
521 2129 560 2160 ab
580 2139 637 2160 cre
656 2140 776 2171 corpus
795 2134 827 2160 et
847 2130 902 2171 qui
921 2129 1032 2162 fuerat
1050 2130 1178 2161 inlesus
1196 2130 1231 2161 C.

170 2175 221 2206 16.
240 2175 308 2215 per]
330 2175 361 2205 in
381 2174 413 2206 C.

169 2220 219 2253 16.
237 2219 408 2259 Irascitur]
433 2224 465 2251 et
483 2219 643 2251 irascitur
660 2220 694 2251 C.

167 2265 217 2298 17.
237 2265 404 2304 obiurgat]
423 2264 620 2306 obiurgante
638 2266 673 2296 C.
703 2283 741 2287 —
775 2264 922 2306 ineptum
941 2264 1000 2304 rei]
1020 2264 1160 2307 impetus
1179 2264 1209 2296 ei
1226 2264 1260 2297 C.
1291 2282 1334 2287 —
1363 2264 1492 2296 dixisse

72 2307 193 2350 fertur]
214 2308 305 2341 fatur
323 2310 356 2341 C.

169 2355 219 2388 18.
238 2355 356 2395 anime]
375 2355 477 2386 animi
495 2355 528 2387 C.
549 2373 591 2377 —
605 2355 748 2395 uiribus]
767 2355 894 2386 uirtute
910 2355 944 2387 C.

167 2400 219 2432 19.
238 2400 332 2440 nunc]
351 2400 453 2431 etiam
471 2399 505 2431 C.
529 2419 571 2423 ——
590 2401 786 2440 Memorare]
806 2410 930 2432 memor
948 2405 1020 2431 esto
1039 2400 1073 2433 C.

165 2445 217 2476 20.
237 2446 320 2487 quod
338 2445 447 2486 hodie]
468 2456 529 2477 non
549 2445 583 2477 C.
601 2464 644 2468 —
661 2446 846 2487 possumus]
865 2456 998 2488 possum
1016 2446 1051 2478 C.
1070 2463 1113 2468 ——
1136 2445 1232 2486 apud]
1266 2453 1364 2487 penes
1390 2445 1424 2477 C.
1448 2462 1494 2467 —

73 2489 301 2531 bonum—sit]
325 2500 398 2522 esse
415 2491 506 2531 grati
525 2492 558 2523 C.

166 2535 219 2568 21.
238 2535 642 2578 Ergo—contempnatur]
666 2534 751 2568 fehlt
769 2535 802 2568 C.

1517 853 1560 886 10

1520 1208 1559 1240 15
