1659 2796
79 109 171 142 ΑΡΡ.
189 109 242 142 37.
1414 110 1490 147 105

76 211 192 250 debes
221 216 260 250 et
287 210 497 255 custodire,
524 216 566 249 tu
595 210 711 261 igitur
740 210 787 249 de
816 222 911 261 pura
936 210 1011 248 fide
1042 210 1115 248 boc
1141 221 1258 248 ovum
1289 209 1495 254 custodito,

76 268 165 319 quia
189 268 228 306 in
251 279 296 306 eo
319 267 453 318 pendit
475 267 550 305 vita
581 273 618 305 et
641 267 769 305 omnis
796 267 901 305 salus
931 279 1014 305 mea
1031 285 1039 292 ·
1074 265 1155 304 Hoc
1183 266 1286 304 dicto
1315 266 1432 304 draco
1456 266 1495 303 in

74 325 173 363 viam
196 324 261 362 ivit
283 323 364 362 viro
386 323 432 362 ad
455 335 586 362 rerum
610 322 826 362 custodiam
849 323 1047 361 derelicto.
1074 323 1118 360 At
1141 321 1202 361 ille
1224 322 1309 360 auri
1332 321 1496 372 cupidus

74 381 258 419 thesauro
280 379 353 418 sibi
375 380 421 418 de
445 379 659 430 optinendo
681 379 861 430 cogitavit
883 384 919 417 et
940 391 1056 417 ovum
1079 378 1119 417 in
1141 391 1219 429 quo
1241 378 1420 416 draconis
1437 378 1497 415 vi-

75 443 155 475 tam
183 436 398 475 consistere
426 436 600 479 credidit,
631 437 809 485 frangere
837 447 969 475 secum
1000 434 1239 477 deliberavit,
1271 434 1375 485 quod
1406 433 1492 472 sine

75 504 183 532 mora
205 504 324 543 opere
345 491 576 543 complevit·
613 491 735 530 Draco
766 492 884 542 igitur
912 491 984 530 iste
1017 491 1062 529 ad
1085 494 1236 529 fossum
1263 503 1378 529 suum
1402 502 1496 541 pro-

74 548 248 600 perando
269 560 462 588 reversus.
487 549 581 587 dum
603 560 720 587 ovum
743 548 908 587 tractum
931 548 1092 587 invenit.
1110 547 1204 585 socii
1224 547 1339 585 fidem
1360 553 1496 597 aperte

75 605 254 656 cognovit
270 623 278 631 ·
312 604 573 644 Moralitas.
600 605 754 644 Bonum
773 610 830 643 est
848 604 1001 643 homini
1017 604 1187 643 amicum
1205 610 1240 641 et
1258 603 1407 642 socium
1427 615 1495 641 ex-

75 661 192 713 periri
215 667 257 700 ut
279 661 367 699 fidei
389 661 532 700 comite
554 662 675 700 tutius
699 674 740 700 se
762 661 920 699 credere
943 661 1066 711 possit
1090 667 1127 699 et
1149 660 1407 698 committere.

270 750 333 791 33.
402 752 464 791 DE
496 753 753 791 HEREMITA
783 752 1049 792 PROBANTE
1082 751 1292 790 SERWM.

187 820 381 859 Heremita
400 821 559 872 quidam
575 821 707 860 volens
725 833 884 860 servum
902 834 1017 859 suum
1035 820 1288 872 perscrutari.
1307 826 1348 858 ut
1375 818 1495 857 fidem

73 877 156 916 eius
178 884 449 927 cognosceret,
473 890 626 916 murem
650 878 723 916 sub
741 878 894 916 vasculo
918 877 1123 916 occultavit
1147 883 1185 915 et
1206 877 1259 915 ait
1281 887 1412 914 servo:
1437 875 1494 913 Ire

74 933 198 972 habeo
221 933 267 971 ad
291 946 502 972 conservos
524 934 758 973 visitandos:
781 942 824 973 tu
846 947 938 973 vero
961 933 1008 972 ad
1030 933 1248 972 custodiam
1266 933 1359 971 celle
1376 938 1413 970 et
1431 944 1496 970 re-

72 990 280 1029 ticularum
303 990 525 1028 remanebis
548 997 585 1029 et
605 991 637 1029 si
659 991 752 1042 quid
775 992 876 1029 forte
899 1003 997 1042 opus
1021 997 1078 1028 est
1109 996 1151 1028 ut
1173 1002 1318 1028 sumas.
1352 989 1404 1027 nil
1425 988 1494 1027 tibi

74 1047 121 1085 sit
143 1046 395 1097 prohibitum,
424 1047 551 1086 solum
581 1053 714 1085 autem
736 1061 801 1086 vas
831 1047 923 1085 illud
953 1059 1154 1085 reversum
1183 1057 1231 1084 ne
1263 1051 1398 1096 tangas
1422 1058 1493 1083 nec

72 1115 293 1147 removeas3
310 1103 401 1141 nolo
420 1104 524 1142 enim
542 1110 579 1142 te
597 1103 697 1142 scire
715 1104 808 1155 quid
827 1103 964 1142 subtus
984 1102 1120 1141 babeat
1139 1121 1146 1129 ·
1182 1102 1315 1153 Itaque
1334 1101 1495 1140 domino

75 1159 244 1198 abeunte
265 1171 400 1198 servus
424 1159 471 1198 de
493 1171 534 1198 re
556 1159 763 1199 interdicta
786 1159 861 1198 sibi
883 1172 958 1211 que
983 1171 1073 1198 nam
1096 1166 1199 1198 esset
1222 1157 1436 1196 mirabatur
1457 1164 1495 1196 et

73 1215 197 1254 visum
221 1222 279 1254 est
302 1216 335 1254 ei
357 1216 461 1266 quod
484 1217 580 1255 satis
601 1228 685 1254 rem
708 1223 840 1267 posset
863 1216 976 1254 scire.
998 1216 1050 1254 ita
1068 1215 1173 1266 quod
1193 1215 1377 1265 magister
1400 1226 1494 1252 suus

71 1272 242 1311 nesciret
259 1291 268 1298 ·
301 1272 500 1311 Accedens
521 1273 640 1324 igitur
660 1273 706 1311 ad
729 1272 928 1311 vasculum
951 1272 1045 1310 dum
1066 1285 1132 1311 vas
1153 1272 1317 1310 removit
1339 1283 1494 1309 murem

71 1327 124 1367 ibi
146 1328 419 1367 absconditum
440 1329 621 1368 incautus
642 1329 816 1368 liberavit
836 1349 842 1356 ·
878 1329 1071 1367 Reversus
1093 1340 1186 1378 ergo
1205 1327 1361 1366 tandem
1379 1327 1493 1365 here-

72 1385 164 1423 mita
186 1385 315 1424 statim
340 1385 387 1423 de
410 1385 509 1424 vasis
531 1392 681 1424 secreto
702 1398 856 1424 servum
879 1385 1147 1435 interrogavit,
1170 1391 1303 1422 utrum
1321 1384 1412 1422 illud
1439 1384 1496 1421 vi-

71 1441 206 1485 disset,
225 1453 274 1479 an
297 1452 402 1480 non·
438 1441 485 1480 Et
507 1441 558 1481 ait
581 1454 737 1481 servus:
768 1442 852 1480 Vidi
874 1441 1046 1493 quidem.
1077 1440 1145 1479 sed
1169 1440 1308 1479 melius
1335 1451 1416 1478 non
1437 1441 1493 1478 vi-

72 1497 216 1536 dissem
236 1517 244 1524 ·
276 1497 539 1537 Moralitas.
577 1498 640 1536 Sic
669 1498 942 1549 perscrutandi
965 1504 1056 1537 sunt
1078 1497 1192 1541 servi,
1222 1509 1342 1547 super
1370 1508 1494 1547 pauca

71 1554 207 1592 fideles
227 1565 346 1605 super
367 1554 486 1592 multa
505 1561 596 1594 sunt
615 1555 881 1594 constituendi
899 1573 907 1580 ·
942 1554 1053 1593 [nde
1071 1553 1213 1605 poterit
1231 1553 1359 1591 dicere
1375 1553 1494 1591 here-

72 1610 185 1649 mita:
217 1610 337 1649 Serve
359 1609 462 1649 bone
484 1617 522 1649 et
544 1611 667 1649 fidelis
690 1618 762 1650 etc.
785 1611 862 1649 Sed
886 1611 1014 1650 dicere
1037 1610 1163 1662 potuit
1193 1609 1363 1648 famulus
1385 1609 1489 1648 eius:
1522 1620 1538 1645 ·.

73 1666 245 1705 Nitimur
265 1666 371 1719 quod
394 1678 475 1706 non
497 1667 584 1706 licet
609 1668 733 1707 arcius
754 1668 845 1706 urit.

206 1756 273 1797 39.
334 1758 397 1797 DE
429 1758 678 1798 AGRlCOLA
710 1759 942 1797 PETENTE
980 1758 1010 1796 A
1042 1756 1139 1796 DEO
1173 1756 1357 1804 EQt'LM.

183 1826 361 1877 Agricola
383 1826 539 1878 quidam
562 1826 697 1866 habuit
715 1827 841 1866 solum
859 1839 1002 1878 equum
1021 1833 1059 1865 et
1077 1826 1281 1865 videbatur
1295 1824 1370 1863 sibi
1387 1824 1493 1876 quod

70 1883 102 1922 si
133 1881 258 1921 adhuc
288 1895 411 1921 unum
441 1883 603 1922 haberet
632 1883 738 1935 quod
768 1884 907 1922 melius
937 1895 1072 1922 curare
1102 1889 1234 1934 posset
1264 1888 1302 1920 et
1323 1892 1459 1931 agrum
1482 1903 1490 1910 ·

72 1939 244 1990 Supplex
266 1951 358 1989 ergo
382 1940 497 1978 deum
520 1941 667 1991 rogavit
689 1947 725 1979 et
750 1940 972 1979 oblaciones
992 1940 1082 1978 fecit
1112 1946 1148 1978 et
1173 1938 1417 1977 elemosinas.
1446 1944 1489 1975 ut

72 1995 120 2034 de
141 2007 306 2034 munere
327 1996 457 2034 divino
481 1996 601 2035 alium
630 2009 777 2048 equum
805 1997 1007 2048 acquirere
1037 2002 1170 2047 posset
1188 2015 1196 2022 ·
1230 1995 1331 2034 Dum
1359 1994 1490 2045 itaque

69 2051 111 2090 in
132 2051 206 2090 hiis
226 2052 327 2090 votis
348 2054 533 2104 frequens
556 2060 660 2092 esset
683 2061 720 2091 et
735 2053 939 2092 dominum
958 2053 1105 2092 orando
1123 2052 1312 2102 fatigaret,
1332 2052 1493 2090 contin-

69 2107 124 2159 git
144 2107 273 2148 furem
293 2109 421 2148 solum
443 2110 526 2148 eius
549 2122 695 2160 equum
719 2109 947 2148 subtrahere
963 2129 971 2136 -
1005 2110 1117 2161 Equo
1134 2109 1252 2159 igitur
1268 2108 1324 2147 sic
1345 2107 1492 2145 amisso

71 2165 189 2203 homo
212 2171 299 2203 vota
319 2177 388 2204 sua
411 2166 574 2205 mutavit
602 2172 639 2204 et
664 2167 868 2205 oraciones
889 2167 1041 2206 dicens:
1073 2165 1237 2204 Domine
1270 2165 1366 2203 deus
1396 2163 1493 2202 suh-

70 2226 238 2260 tractum
260 2221 293 2260 si
314 2222 453 2261 reddas
475 2235 620 2274 equum
641 2234 711 2273 pro
734 2223 806 2261 alio
830 2222 877 2261 de
899 2230 1028 2262 cetero
1050 2229 1115 2261 tua
1141 2221 1276 2260 munia
1297 2232 1379 2259 non
1400 2219 1490 2271 pul-

72 2277 176 2316 sabo.
228 2277 485 2318 Moralitas.
531 2279 594 2318 Sic
626 2280 736 2318 stulti
763 2291 843 2318 non
874 2279 1050 2318 contenti
1080 2278 1185 2317 bono
1214 2277 1317 2328 quod
1347 2276 1490 2315 habent

71 2333 164 2372 dum
173 2334 342 2386 amplius
352 2341 486 2387 optant
505 2341 542 2374 et
559 2336 747 2386 acquisita
764 2335 862 2374 male
879 2342 1036 2375 servant
1053 2336 1224 2386 perdunt
1238 2334 1298 2372 illa
1312 2333 1367 2371 vel
1385 2334 1491 2371 furto

71 2390 130 2428 vel
146 2391 293 2442 rapina,
303 2404 380 2442 que
395 2392 429 2430 si
445 2393 494 2430 ad
512 2405 580 2431 eos
597 2392 770 2431 redirent
788 2393 882 2443 ipsis
894 2393 1077 2431 videntur
1089 2391 1193 2443 quod
1206 2390 1489 2429 habundarent.

160 2503 232 2536 app.
251 2494 304 2526 38.
330 2493 409 2526 cod.
429 2493 578 2535 Gotting.
598 2495 650 2526 42.
680 2494 786 2527 Marie
802 2494 856 2526 45.
883 2494 1036 2535 Legrand
1056 2494 1087 2531 4,
1105 2493 1181 2525 236.
1209 2492 1306 2524 Pauli
1323 2491 1398 2524 316.

161 2548 231 2580 app.
251 2539 304 2571 39.
330 2539 409 2571 eod„
429 2537 577 2580 Gotting.
597 2540 650 2571 43.
677 2539 785 2572 Marte
803 2540 857 2571 47.
884 2539 1039 2580 Legi-and
1057 2540 1089 2578 4,
1108 2539 1183 2571 230.

1524 444 1542 473 5

1526 760 1564 790 10

1528 1052 1565 1083 15

1523 1333 1565 1364 20

1520 1948 1538 1980 3
1543 1953 1562 1980 Ο

1521 2228 1562 2260 35
