1659 2796
100 129 191 163 ΑΡΡ.
212 129 266 163 63.
1428 129 1442 166 1
1457 128 1505 165 17

98 232 233 271 nacius
253 253 261 261 ·
279 232 428 270 Memor
449 237 532 269 esto
556 231 618 277 tili,
641 243 754 282 quam
779 242 990 281 pauperem
1009 230 1122 268 vitam
1141 229 1324 279 gerimus,
1348 228 1505 267 habebis

99 289 218 328 multa
239 288 352 331 bona,
374 287 406 326 si
428 287 605 326 timueris
627 288 743 327 deum
779 315 782 317 Α
818 287 913 326 ltem
946 287 1078 338 lupus:
1102 285 1249 325 Adiuva
1280 298 1342 324 me
1374 292 1411 324 et
1433 286 1507 324 sal-

98 358 167 384 vus
190 358 256 384 ero
278 344 448 384 domine.

154 438 219 477 64.
280 436 524 484 QUOMODO
556 436 716 475 LL'PUS
750 434 1015 474 NAvffiAvlT
1045 434 1209 473 TRANS
1240 434 1450 472 FLL’MEN.

210 494 342 546 Lupus
361 495 399 533 iu
417 494 528 533 aliam
546 494 746 544 regionem
767 492 1001 531 transiturus
1015 492 1117 530 veuit
1135 492 1179 530 ad
1201 491 1374 537 fluvium,
1392 504 1507 542 quem
1538 501 1556 529 Γ,

99 564 186 591 cum
209 551 355 590 videret
385 552 504 590 latum
536 556 572 589 et
594 551 713 589 altum
738 562 817 588 nou
846 548 1013 589 audebat
1041 562 1081 587 se
1111 548 1226 586 undis
1252 548 1507 592 committere,

99 609 164 647 sed
186 609 332 659 rogavit
353 614 509 647 nautam
535 614 575 645 ut
598 607 725 659 ipsum
750 607 787 645 in
813 607 984 645 navicula
1005 618 1073 644 sua
1096 612 1379 656 transportaret
1404 627 1410 634 ·
1438 605 1509 643 Fa-

99 666 207 711 ciam,
231 665 369 716 inquit.
387 665 417 703 si
435 665 595 704 naulum
615 664 785 703 dederis·
806 663 855 702 Et
869 663 921 702 ait
938 663 1070 715 lupus:
1096 662 1201 701 Dabo
1220 662 1311 713 quid
1330 662 1510 707 volueris,

98 728 251 762 tantum
275 722 435 773 recipiat
459 734 519 760 me
543 721 650 760 navis
669 744 677 751 ·
700 721 830 760 Iussus
853 726 910 759 est
933 732 1024 771 ergo
1042 720 1188 758 intrare
1208 727 1243 757 et
1264 719 1368 757 navis
1386 719 1509 758 soluta

100 785 156 818 est
178 792 198 818 a
221 779 349 818 littore
367 801 374 808 ·
394 779 505 818 Tunc
526 779 578 817 ait
598 779 714 829 lupus
736 777 903 816 homiui:
937 777 1004 816 ljlie
1025 777 1119 815 mihi
1142 776 1232 827 quid
1256 776 1324 814 tibi
1348 776 1509 814 daturus

99 848 186 875 sum
209 836 401 875 mercedis
421 858 427 865 ·
446 836 536 874 Tria
558 848 659 882 vera,
682 835 821 886 inquit,
846 834 938 873 mibi
961 834 1063 873 dicas
1086 845 1156 884 pro
1179 833 1309 884 precio
1329 855 1336 862 ·
1364 832 1510 871 Placuit

103 894 178 932 hoc
198 893 288 945 lupo
313 899 349 932 et
367 893 496 931 statim
516 905 640 931 uuum
658 892 815 943 protulit
838 891 990 930 diceus:
1009 890 1205 929 Beneficat
1223 890 1288 940 qui
1304 889 1510 928 benefacit·

101 950 147 989 Et
168 950 220 988 ait
241 955 376 989 nauta:
400 950 500 988 Satis
523 962 655 988 verum
679 955 738 987 est
759 949 851 987 illud
873 970 880 978 ·
908 949 999 987 Post
1029 948 1103 986 hoc
1124 947 1200 986 iam
1224 947 1263 985 in
1287 947 1414 985 medio
1437 948 1510 984 ssu-

101 1007 205 1045 mine
227 1007 391 1046 transito
413 1006 575 1058 protulit
595 1006 812 1045 secundum
837 1006 987 1045 dicens:
1018 1005 1091 1051 Qui
1112 1005 1165 1043 sic
1187 1016 1267 1042 non
1290 1004 1376 1043 facit
1402 1003 1511 1054 peius

100 1064 190 1103 facit
208 1084 215 1091 ·
234 1064 342 1102 Istud
364 1076 443 1102 non
468 1064 597 1103 miuus
621 1076 754 1102 verum
779 1069 846 1101 est.
871 1063 921 1101 ait
943 1063 1060 1101 bomo
1078 1084 1085 1090 ·
1105 1061 1151 1100 Et
1175 1061 1302 1112 exegit
1324 1062 1509 1100 tercium·

101 1120 170 1159 Cui
191 1121 326 1172 lupus:
357 1120 537 1159 Tereium
563 1134 641 1159 non
662 1120 784 1159 liabeo
808 1132 875 1171 pre
904 1119 1097 1160 manibus.
1125 1118 1192 1157 sed
1221 1118 1378 1156 iuterim
1407 1117 1512 1168 quod

100 1177 219 1216 littori
241 1178 556 1229 approximamus
580 1178 672 1216 mihi
694 1177 870 1227 cogitabo
889 1197 898 1206 ·
918 1176 994 1214 lllis
1016 1188 1107 1226 ergo
1130 1187 1252 1226 prope
1274 1175 1382 1213 littus
1403 1174 1513 1213 factis

101 1235 215 1286 lupus
236 1235 336 1274 saltu
358 1235 404 1274 de
427 1235 515 1274 navi
537 1234 672 1273 extulit
694 1239 731 1272 et
755 1234 792 1271 in
815 1233 915 1271 sicco
948 1233 1183 1272 constitutus
1213 1233 1284 1270 ait:
1315 1230 1512 1282 Quidquid

101 1291 196 1330 honi
211 1291 253 1330 fit
268 1304 449 1343 perverso
468 1291 662 1343 perditum
677 1296 735 1329 est
753 1303 797 1329 ex
817 1290 988 1341 integro·
1007 1289 1074 1328 Mo
1087 1289 1273 1328 ralitas.
1295 1290 1437 1327 Verum
1454 1294 1514 1327 est

102 1348 181 1399 lupi
197 1348 458 1400 proverbium,
477 1349 564 1400 quia
584 1348 681 1387 male
699 1346 1132 1398 expenditurquidquid
1148 1346 1245 1384 male
1260 1346 1512 1397 impenditur.

131 1441 196 1480 65.
257 1440 504 1487 QUOMODO
538 1439 816 1479 PRESBITER
846 1439 1030 1478 DOCUIT
1062 1438 1232 1477 Lt'PIJM
1262 1438 1484 1477 LITERAS.

212 1498 414 1536 Presbiter
436 1498 595 1549 quidam
617 1497 747 1536 docuit
768 1498 903 1548 lupum
928 1497 1058 1535 literas
1077 1517 1084 1524 ·
1103 1495 1304 1534 Presbiter
1322 1495 1412 1534 dixit
1435 1509 1455 1534 a
1478 1500 1516 1533 et

102 1555 217 1606 lupus
240 1554 419 1593 similiter
437 1575 444 1582 ·
463 1553 664 1594 Presbiter
686 1554 721 1593 b.
746 1560 781 1592 et
804 1555 918 1605 lupus
941 1553 1118 1591 similiter
1137 1574 1143 1581 ·
1164 1552 1358 1591 Presbiter
1380 1552 1475 1590 dixit
1496 1565 1515 1590 c

104 1618 142 1651 et
163 1613 279 1663 lupus
301 1611 481 1650 similiter
500 1633 506 1640 ·
526 1612 639 1650 Modo
669 1623 857 1661 congrega
889 1610 941 1650 ait
963 1609 1158 1660 presbiter
1189 1616 1225 1647 et
1249 1609 1417 1648 sillabica
1437 1631 1445 1638 ·
1467 1607 1516 1646 Et

102 1669 307 1721 respondit
327 1669 458 1719 lupus:
484 1668 706 1707 Sillabicare
730 1679 809 1706 uon
832 1667 910 1705 scio
930 1689 937 1696 ·
957 1667 1025 1705 Cui
1041 1666 1253 1718 presbiter:
1277 1666 1325 1705 [t
1341 1665 1413 1704 tibi
1430 1678 1514 1704 me-

102 1726 175 1765 lius
192 1725 345 1764 videtur
361 1725 415 1764 sio
432 1725 548 1764 dicito
568 1747 575 1754 ·
595 1725 690 1763 mihi
708 1724 860 1763 videtur
877 1723 980 1775 quod
998 1724 1069 1762 hoc
1087 1723 1232 1774 optime
1250 1729 1363 1761 sonat
1375 1735 1494 1774 agnus

103 1782 216 1822 Tune
235 1782 425 1834 presbiter
447 1782 517 1821 ait:
541 1782 653 1830 Quod
676 1782 715 1820 in
734 1781 849 1820 corde
867 1782 940 1819 hoc
958 1781 999 1819 in
1017 1793 1083 1819 ore
1103 1802 1110 1809 -
1129 1780 1227 1818 Mor
1240 1780 1301 1818 ali
1314 1786 1325 1818 t
1338 1793 1357 1818 a
1370 1794 1398 1819 s.
1422 1779 1515 1818 Lin—

104 1852 177 1890 gua
199 1840 337 1879 clamat
359 1840 461 1891 quod
485 1852 552 1878 cor
569 1844 683 1878 amat.
701 1839 793 1877 hinc
810 1851 901 1889 sepe
919 1838 1031 1877 (latur
1048 1837 1262 1888 intelligere
1275 1837 1367 1889 quid
1382 1849 1516 1876 verum

104 1896 157 1936 sit
176 1897 216 1936 in
235 1897 353 1936 corde
374 1896 512 1935 teneri.

135 1989 200 2029 66.
262 1988 509 2036 QUOMODO
542 1987 794 2027 PASSERES
826 1988 855 2025 A
885 1984 1324 2025 TRITL‘RATORIBUS
1357 1985 1489 2025 OCCI-

703 2044 923 2083 DUNTUR.

218 2103 406 2142 Homines
436 2101 671 2141 triturabant
693 2102 732 2140 in
752 2102 894 2139 horreo
919 2106 955 2139 et
977 2100 1143 2139 hirundo
1172 2100 1212 2138 iu
1234 2100 1344 2138 trabe
1366 2100 1517 2138 reside—

107 2159 171 2199 bat
194 2159 370 2199 dulcibus
391 2159 528 2199 lasciva
551 2159 720 2198 modulis
743 2158 846 2196 diem
869 2158 1038 2196 salutans
1071 2163 1109 2196 et
1131 2169 1307 2208 passeres
1334 2163 1423 2196 ante
1447 2157 1518 2195 ho-

107 2217 227 2256 stium
249 2216 343 2255 foris
366 2216 493 2267 elapsa
516 2228 635 2267 grana
658 2214 901 2266 queritabant
927 2236 933 2243 ·
960 2214 1108 2262 Quibus
1138 2214 1189 2252 ait
1215 2214 1404 2252 hirundo:
1443 2214 1518 2252 Cur

107 2273 162 2312 sic
182 2273 274 2312 foris
296 2273 461 2312 manetis
485 2279 521 2312 et
545 2278 678 2324 aperto
702 2272 807 2311 vobis
829 2271 958 2310 hostio
981 2271 1026 2310 ad
1049 2283 1260 2322 granorum
1285 2271 1434 2321 copiam
1456 2270 1519 2308 in-

108 2328 246 2370 tratis?
268 2330 342 2377 Qui
362 2330 537 2369 ridentes
561 2330 762 2369 dixerunt:
785 2329 881 2376 Quia
900 2329 1083 2367 timemus
1100 2328 1279 2367 homiues
1298 2335 1335 2367 et
1353 2327 1518 2366 maxime

157 2491 174 2501 „
199 2456 270 2488 app.
291 2445 344 2498 64.
371 2444 448 2477 Cod.
468 2444 618 2486 Gotting.
639 2445 711 2478 119.
737 2444 844 2477 Marie
863 2444 914 2476 79.
939 2442 1203 2484 Hirchhof4‚34.
1231 2441 1517 2475 GestaRomanor.

113 2490 450 2579 lehaggileisssgbd.
470 2534 621 2577 Gotting.
643 2535 716 2569 122.
742 2534 852 2567 Μυῖα
870 2535 921 2567 82.
949 2534 1104 2576 Legrand
1122 2535 1153 2574 4,
1171 2534 1245 2565 220.
1272 2533 1368 2565 Pauli
1385 2532 1460 2564 333.

200 2592 270 2625 app.
291 2582 343 2614 66.
371 2582 449 2614 Cod.
468 2582 618 2623 Gotting.
639 2581 712 2614 124.
739 2579 847 2613 Mario
864 2581 916 2613 84.
943 2579 1142 2613 Lafontaine
1161 2581 1191 2620 1,
1208 2579 1238 2611 8.

1546 783 1580 813 lt)

1544 1064 1581 1095 15

1543 1350 1584 1381 20

1545 1669 1586 1701 25

1546 1988 1587 2019 30

1547 2275 1588 2306 35
